2024 3022
423 208 708 247 RESPoNslo
745 221 794 246 An
833 207 1205 254 QUAESTIONEM
1241 199 1598 246 206LOG10AM.
1816 220 1860 255 19

216 394 251 427 5.
305 389 451 425 Manen
474 392 781 435 Bredanianum,
808 391 934 426 Nobis.

214 457 271 492 Μ.
307 457 545 502 choenicum,
597 463 755 492 erectum
771 481 783 501 ,
818 458 1044 491 extremitate
1082 455 1456 500 convexo-obtusum,
1497 453 1685 501 superficie
1715 455 1853 489 lacunis

165 522 340 568 angulosis
371 523 543 567 elevatis,
580 524 699 567 cavis,
732 522 865 557 osculis
895 522 1009 556 fundo
1040 521 1218 567 pertufis,
1253 522 1412 567 apertis,
1444 520 1710 555 orbicularibus
1734 522 1852 555 unde-

169 600 313 634 quaque
348 588 473 622 excisa.

213 654 300 689 Vid.
327 655 421 688 Tab.
447 653 496 688 II.
524 653 582 699 fig.
609 665 643 688 1.
669 653 859 698 Specimen
881 652 1126 699 magnitudine
1145 652 1318 687 naturali.

513 718 573 763 fig.
598 729 635 753 2.
661 718 853 763 Specimen
873 719 1123 764 magnitudine
1141 724 1260 752 aucta.

212 785 464 830 Archetypum
497 784 614 818 fosfile
648 785 808 818 occurrit
840 795 993 830 perraro
1022 786 1059 819 in
1099 785 1219 819 [tratis
1251 784 1403 818 calcarei
1431 784 1542 829 grosfi
1577 784 1690 819 Foret
1720 785 1846 829 (vorst)

165 863 281 897 prope
303 851 506 885 Bruxellas.

214 917 297 962 0le
349 904 518 961 Quatuor
551 916 627 950 fere
649 917 941 951 millimetrorum
961 917 1222 962 longitudinem
1246 916 1352 950 habet
1375 917 1485 950 hocce
1505 916 1736 960 polyparium
1749 939 1761 959 ‚
1785 927 1852 950 cu-

164 983 222 1016 ius
253 982 344 1016 bafis
379 983 503 1016 conica
534 981 712 1016 foramine
728 1007 740 1026 ,
778 983 875 1027 quod
911 983 954 1016 ad
981 982 1171 1016 cavitatem
1193 981 1272 1014 eius
1291 980 1470 1014 internam
1496 981 1621 1024 ducit,
1651 979 1851 1014 transfodi—

162 1053 237 1082 tur.
294 1048 390 1081 Tota
423 1047 625 1093 superficies
663 1047 798 1081 crebris
828 1054 864 1082 et
900 1047 1144 1081 minutissimis
1176 1047 1314 1080 cellulis
1347 1046 1606 1091 irregularibus
1645 1046 1850 1091 angulosis,

166 1113 241 1146 fere
267 1112 331 1146 sub
358 1112 474 1146 forma
507 1112 684 1146 tuborum
718 1113 928 1157 excavatis,
960 1118 1133 1157 ornatur,
1168 1124 1323 1157 quarum
1354 1123 1596 1158 unaquaeque
1624 1113 1669 1147 ad
1696 1113 1850 1147 fundum

163 1178 326 1214 osculum
353 1184 546 1224 apertum,
578 1179 616 1212 in
647 1179 702 1212 his
723 1190 902 1224 parvum,
934 1179 972 1212 in
999 1178 1072 1212 illis
1105 1190 1192 1213 vero
1225 1178 1417 1223 amplum,
1453 1177 1640 1213 monstrat.

210 1244 302 1283 Viro
321 1244 524 1279 Clarisfimo
545 1254 620 1278 VAN
645 1254 766 1279 BREDA
787 1244 922 1278 hancce
945 1237 1245 1288 novam'speciem
1268 1244 1402 1280 dicavi.

211 1375 268 1408 ΠΙ
292 1374 419 1406 Genus
444 1383 606 1414 TRAGOS,
635 1383 845 1405 SCHVVBIGG.

206 1439 325 1484 Stirps
350 1449 371 1472 e
400 1437 500 1471 fibris
538 1436 652 1470 denfis
674 1461 686 1480 ,
715 1436 877 1480 coalitis,
910 1436 1097 1482 superficie
1129 1435 1260 1470 ostiolis
1290 1436 1464 1470 distinctis
1501 1437 1642 1481 sparfis.

209 1504 400 1551 Spongia,
428 1502 625 1548 Spongites
646 1503 676 1537 Γ.
694 1501 921 1546 Alcyonites
942 1509 1149 1538 auctorum·

212 1649 245 1671 1.
299 1634 446 1680 Tragos
470 1634 783 1679 hippocastamcm
806 1644 939 1670 GOLDF.
965 1646 1004 1678 p.
1034 1635 1092 1667 15.
1119 1633 1187 1667 N0.
1212 1635 1249 1668 5.
1275 1632 1368 1667 Tab.
1397 1631 1446 1668 V.
1472 1632 1532 1679 fig.
1557 1640 1596 1677 7.
1622 1632 1687 1667 ab.

209 1702 257 1736 T.
302 1700 573 1746 subglobosum,
599 1699 711 1733 sesfile
727 1723 738 1743 ,
765 1700 805 1733 in
829 1697 1016 1744 superficie
1039 1697 1238 1733 tuberculis
1262 1698 1497 1733 muricatum.

209 1768 400 1803 Invenitur
437 1766 554 1800 fosfile
586 1765 650 1800 sub
676 1765 795 1799 forma
820 1764 940 1799 nuclei
971 1765 1295 1801 ctetaceo-arenofi
1315 1766 1354 1801 in
1379 1765 1501 1800 stratis
1523 1765 1695 1800 cretaceis
1719 1768 1852 1801 montis

160 1832 218 1871 St.
243 1834 357 1869 Petri
379 1843 496 1879 prope
520 1830 769 1867 Maastriekt.

213 1900 296 1945 Obs.
347 1898 404 1933 Ab
438 1908 512 1931 uno
550 1898 595 1931 ad
632 1897 722 1932 duos
761 1896 910 1942 pollices
941 1897 1117 1931 diametro
1147 1898 1263 1932 variat
1294 1897 1383 1932 haec
1414 1898 1568 1943 species,
1603 1909 1698 1944 quae
1727 1898 1850 1943 globos

165 1965 346 2000 constituit
380 1962 637 2009 asperitatibus
667 1974 767 1997 nunc
801 1963 916 1997 acutis
956 1974 1056 1997 nunc
1089 1961 1225 1997 obtufis
1241 1963 1437 1999 echinatos.
1491 1965 1597 2008 Quae
1615 1964 1760 2010 quidem
1782 1976 1850 2000 va—

161 2031 265 2065 riatio
302 2030 390 2063 duas
417 2029 635 2073 varietates,
670 2040 694 2063 a
723 2029 798 2064 Cel.
830 2039 1050 2064 GoLDI-'Ussxo
1083 2029 1307 2072 illustratas,
1336 2029 1531 2064 constituit.

210 2161 265 2196 IV
289 2161 416 2195 Genus
439 2170 644 2195 GORGONIA.

210 2227 450 2273 Polyparium
485 2225 624 2271 fixum,
670 2228 951 2272 dendroidmm,
985 2229 1044 2263 axi
1080 2227 1257 2272 centrali,
1291 2238 1452 2271 corneo,
1492 2226 1684 2270 distincto,
1726 2226 1848 2261 crusta

164 2293 395 2328 corticiformi
409 2317 420 2337 ,
446 2292 759 2331 fibroso-calcarea
783 2295 1018 2329 circumdato.
1614 2335 1618 2337 ‚

213 2371 232 2392 n
249 2358 363 2402 Axis,
401 2357 473 2391 bafi
513 2359 704 2404 explanata
747 2358 892 2405 fixaque
928 2359 1152 2402 caulescens,
1199 2359 1381 2403 ramosus,
1419 2358 1654 2403 substriatus,
1695 2359 1848 2403 solidus,

162 2435 342 2468 corneus,
373 2422 545 2456 flexilis.'’

211 2489 337 2525 Crusta
376 2489 555 2523 corticalis
597 2501 699 2524 axem
747 2497 939 2536 ramosque
975 2491 1147 2534 vestiens,
1186 2492 1223 2525 in
1250 2492 1331 2527 vivo
1361 2492 1504 2537 mollis,
1535 2493 1705 2535 carnosa,
1738 2491 1849 2536 poly-
