2024 3022
205 222 249 255 64
559 219 745 254 CAROLI
782 218 1036 253 FRANCISCI
1072 214 1289 250 ANTONH
1327 213 1546 249 MORREN

208 345 273 366 nos
307 333 522 366 coniunctim
559 332 689 366 habent
724 332 914 365 sectionem
945 329 1218 365 transversalem
1246 328 1524 370 cordisormem,
1552 328 1646 372 quod
1674 329 1799 363 melius
1833 331 1888 363 vi-

207 399 290 431 dere
320 404 373 432 est
407 400 445 431 in
471 398 631 442 ectypiS,
665 398 719 431 uti
747 398 853 430 etiam
882 398 920 430 in
955 395 1086 430 tabulis
1122 396 1253 430 citatis.

267 531 321 562 15.
374 531 521 564 Astrea
553 541 714 572 corona,
748 528 873 562 Nobis.

260 595 305 629 A.
339 595 562 637 incrustans,
601 594 703 628 stellis
743 594 954 639 aequalibus
995 594 1210 638 segregatis,
1255 592 1493 635 orbiculatis3
1539 593 1648 626 limbo
1697 593 1887 626 mamillari

215 661 424 705 granulato,
465 661 627 702 elevato,
654 659 870 702 orbiculari3
897 659 1045 693 lamellis
1081 659 1301 703 granulatis,
1337 658 1574 703 aequalibus,
1608 658 1765 702 obtutis,
1793 671 1890 692 mar-

212 726 409 771 ginalibus,
439 732 563 759 centro
590 737 728 767 vacuo;
760 724 956 758 interstitiis
987 724 1155 757 mamillis
1187 729 1222 757 et
1259 723 1358 757 fossis
1391 724 1539 758 ornatis.

263 791 345 825 Vid.
373 791 465 825 Tab.
492 791 600 825 XXI.
624 790 682 836 fig.
715 802 745 824 1.
796 791 1029 831 ¹Individuum
1056 789 1300 834 magnitudine
1327 789 1494 823 naturali.

631 856 689 901 fig.
717 868 753 890 2.
805 856 914 890 Stella
950 857 1111 900 separata
1141 856 1162 888 8
1195 855 1301 887 diam.
1341 859 1455 888 aucta.

260 924 317 956 Ex
352 922 477 955 Museo
514 922 625 956 Dom.
659 922 768 956 Seren
775 945 888 957 .....

256 987 446 1020 Invenitur
475 987 718 1020 Petrefaotum
748 988 950 1021 calcareum
982 988 1020 1020 in
1052 998 1138 1031 agro
1168 986 1428 1032 Groningano.

263 1053 347 1098 Ohs.
400 1053 500 1087 Haec
535 1054 667 1098 species
705 1053 863 1098 Astreae
894 1053 986 1086 nulli
1018 1064 1163 1095 earum,
1189 1065 1277 1096 quas
1315 1064 1334 1085 e
1366 1051 1484 1086 nostra
1510 1052 1652 1097 regione
1689 1053 1889 1098 desumptas

210 1119 389 1164 descripsit
417 1119 471 1153 Cl.
503 1130 721 1161 GOLDFUSS.,
753 1119 875 1152 similis
907 1124 971 1150 est.
1024 1117 1122 1151 Tubi
1161 1118 1308 1150 omnino
1342 1117 1530 1161 cylindrici
1560 1123 1596 1150 et
1629 1118 1741 1160 recti,
1762 1119 1891 1163 super—

209 1184 321 1218 ficiem
353 1186 531 1219 internam
563 1185 768 1218 instructam
801 1184 934 1217 habent
958 1182 1109 1215 lamellis
1145 1182 1382 1225 brevisfimis,
1418 1184 1531 1216 sulcos
1561 1183 1768 1227 granulosos
1803 1184 1889 1217 imi-

209 1252 390 1284 tantibus:
426 1257 589 1283 centrum
627 1250 800 1283 tuborum
850 1255 903 1282 est
949 1260 1116 1283 vacuum.
1180 1247 1268 1281 Illae
1309 1248 1471 1281 lamellae
1509 1249 1578 1282 sese
1615 1250 1814 1283 extendunt
1848 1252 1887 1284 in

210 1317 404 1360 marginem
439 1315 555 1348 stellae
583 1314 654 1348 five
690 1314 887 1355 tuborum3
932 1313 1092 1357 singulae
1122 1312 1287 1346 desinunt
1321 1313 1438 1358 capite
1470 1313 1601 1358 exiguo
1641 1314 1794 1347 rotundo
1832 1320 1888 1348 tot

210 1392 340 1425 parvas
373 1380 524 1425 papillas
554 1380 732 1412 imitantes
748 1404 758 1421 ,
790 1390 881 1423 quae
910 1378 1067 1422 papillae
1090 1378 1244 1410 iunctim
1268 1377 1431 1421 sumptae
1453 1377 1645 1412 efformant
1662 1379 1756 1413 circa
1779 1379 1886 1414 tubos

209 1458 378 1479 coronam
421 1445 634 1489 papillarem
672 1443 839 1488 singulari
873 1443 999 1475 ordine
1030 1442 1246 1486 dispofitam.
1298 1441 1398 1475 Inter
1428 1442 1493 1475 hos
1526 1442 1631 1476 tubos
1661 1443 1740 1476 satis
1768 1444 1886 1478 conti-

207 1523 296 1555 guos
329 1510 489 1544 occurrit
520 1510 673 1555 spatium
702 1509 905 1552 depressum
940 1507 1114 1540 sulcatum
1144 1506 1287 1551 papillis
1318 1512 1354 1538 et
1380 1506 1480 1539 fosfis
1512 1506 1789 1542 orbicularibus.

262 1644 317 1676 16.
368 1643 513 1676 Astrea
541 1641 809 1682 arachnoides,
843 1650 991 1673 SCHROT.
1025 1650 1085 1682 ap.
1119 1648 1250 1671 GoLDF.
1292 1648 1326 1680 p.
1365 1648 1420 1680 70.
1459 1636 1550 1672 Tab.
1580 1637 1720 1672 XXIII.
1753 1638 1811 1684 fig.
1850 1652 1884 1685 9.

208 1720 309 1741 a—c.

257 1774 304 1807 A.
342 1772 446 1805 stellis
493 1770 725 1812 orbiculatis,
763 1769 974 1814 segregatis,
1024 1768 1181 1812 margine
1231 1768 1468 1812 prominulis;
1511 1768 1660 1803 lamellis
1693 1771 1729 1803 in
1760 1777 1884 1805 centro

208 1839 431 1881 reticulatis,
463 1835 658 1871 interstitiis
697 1834 918 1868 subtilissime
950 1834 1118 1876 radiatis,
1157 1833 1264 1866 radiis
1303 1834 1386 1868 hinc
1427 1835 1558 1877 rectis,
1603 1835 1808 1880 parallelis,
1836 1837 1884 1870 il-

207 1905 277 1938 linc
306 1903 486 1937 flexuosis.

259 1970 414 2004 Scnnor.
440 1969 524 2004 Anl.
553 1968 618 2002 111.
646 1980 680 2012 p.
704 1969 789 2012 459.
817 1967 908 2000 Tab.
938 1978 972 2010 9.
1000 1966 1060 2010 fig.
1087 1968 1122 2000 5.

259 2035 366 2067 Fim.
400 2035 482 2068 hist.
519 2039 593 2067 nat.
621 2034 664 2066 de
696 2033 731 2065 la
756 2038 868 2067 mont.
892 2033 943 2066 St.
970 2032 1095 2065 Pierre
1118 2045 1156 2077 p.
1183 2043 1255 2066 210.
1279 2032 1371 2066 Tab.
1393 2033 1496 2066 XLla
1520 2031 1576 2078 fig.
1603 2045 1628 2068 1.
1649 2033 1713 2067 ab.

261 2099 442 2144 Ectypum
474 2098 589 2131 fossile
624 2098 807 2132 invenitur
842 2099 879 2130 in
910 2097 1024 2130 stratis
1059 2098 1189 2131 montis
1220 2098 1273 2131 St.
1314 2098 1425 2132 Petri.

267 2164 351 2210 Obs.
413 2164 616 2197 Secundum
650 2164 706 2198 Cl.
738 2174 869 2198 FAUtAs
896 2164 1011 2197 stellae
1044 2163 1150 2196 huius
1174 2163 1330 2209 Asis-eae
1354 2164 1545 2198 induerent
1571 2165 1783 2209 positionem
1813 2165 1886 2198 cir-

216 2231 379 2264 culorum
411 2230 722 2263 concentricorum
756 2229 876 2265 instar.
938 2229 1005 2262 Sed
1040 2229 1127 2262 haec
1162 2229 1374 2273 regularitas
1405 2229 1601 2274 saepissime
1638 2228 1884 2272 modificatur,

214 2301 367 2328 attamen
395 2296 537 2340 aequali
570 2295 759 2329 intervallo
788 2296 825 2327 in
855 2295 1018 2329 universo
1054 2294 1242 2338 polypario
1274 2293 1411 2328 distant.
1463 2294 1548 2327 Huc
1592 2306 1705 2340 usque
1743 2295 1883 2329 nonnisi

213 2365 381 2404 ectypum
420 2361 597 2394 stellarum
634 2361 704 2395 fuit
722 2365 919 2405 repertum.
972 2359 1054 2392 Hoc
1079 2365 1248 2404 ectypum
1281 2359 1390 2393 simile
1413 2365 1466 2393 est
1489 2359 1636 2393 sectioni
1659 2360 1883 2395 transversali

208 2437 393 2460 ramorum
433 2425 643 2471 Gergouiae
685 2426 876 2460 bacularis
914 2436 1069 2470 corana,
1109 2425 1162 2459 uti
1207 2424 1413 2470 observavi,
1455 2437 1568 2470 quum
1607 2425 1650 2458 de
1695 2425 1760 2459 hac
1801 2425 1884 2470 spe-

207 2492 258 2525 cie
291 2490 450 2536 agebam.
