2024 3022
1804 198 1824 229 0¹

397 201 678 237 RESPONSIO
713 213 761 236 An
802 200 1171 247 QUAESTIONEM
1215 187 1572 243 *ZO6LOGICAM
1781 201 1801 232 5

188 383 222 414 4.
279 364 501 416 Turi-molta
518 382 662 427 striata
677 406 688 424 ‚
714 380 844 415 Nobis.

184 448 231 481 T.
268 456 444 492 cuneata,
482 449 610 483 leviter
645 448 788 490 striata,
826 448 975 481 lamellis
1013 447 1132 481 stellae
1167 444 1412 493 subellibticae
1440 447 1639 481 maioribus
1664 447 1708 480 ad
1733 458 1822 479 cen-

137 519 236 546 trum
273 527 390 559 usque
427 515 636 559 productis,
679 514 882 548 minoribus
909 513 1169 558 marginalibus
1195 515 1346 548 alternis
1364 539 1374 558 ‚
1402 515 1578 559 integris3
1605 519 1729 547 centro
1756 524 1825 557 pa-

137 580 284 624 pilloso,
312 581 418 623 rudi,
447 580 597 614 elevato.

186 647 245 679 Ex
270 646 395 679 Museo
421 633 533 680 Dom.
562 647 661 680 must
666 671 812 681 ......

190 712 380 745 Invenitur
406 712 651 746 Petrefactum
680 713 881 747 ealcareum
907 715 943 746 in
971 715 1115 759 regione
1143 714 1395 758 Groningana.

192 777 276 822 obs.
342 777 444 811 Haec
481 779 610 823 species
646 780 762 823 quoad
800 779 962 813 habitum
998 780 1151 814 formam
1189 786 1256 813 etc.
1295 780 1383 813 adeo
1424 779 1542 813 fimilis
1578 785 1631 812 est
1662 780 1785 823 speciei
1812 791 1831 812 a

141 855 273 877 GOLDF.
301 845 496 878 duodecim
521 851 688 889 costam,
716 846 852 879 Petref.
880 846 961 879 foss.
991 847 1018 879 I.
1056 859 1094 891 p.
1122 849 1180 881 52.
1208 846 1276 881 N0.
1304 848 1340 880 4.
1369 846 1463 879 Tab.
1489 846 1576 880 XV.
1604 846 1662 890 fig.
1692 848 1726 879 b'.
1753 847 1833 879 abc

142 910 350 953 nominata,
387 916 428 944 ut
463 923 543 945 cuin
579 910 640 944 illd
667 912 783 956 posset
810 913 1010 956 confundi,
1039 913 1104 945 nifi
1130 914 1368 958 praecipuum
1395 913 1579 945 criterium
1606 912 1689 945 huic
1719 912 1836 955 polle—

142 976 231 1009 riori
272 977 401 1021 speciei
437 977 614 1010 tributum
654 980 801 1011 omnino
836 980 874 1010 in
902 977 963 1011 illa
990 989 1097 1022 quam
1124 979 1274 1011 citamus
1300 978 1569 1012 defideraretur.
1624 977 1722 1010 Haec
1751 977 1837 1009 ulti-

145 1054 203 1075 ma
228 1042 360 1086 species
389 1044 432 1076 ad
456 1044 654 1076 calcareum
684 1045 904 1077 transitionis
931 1045 1113 1087 pertinere
1140 1045 1295 1078 videtur.

193 1176 229 1208 5.
284 1174 509 1209 Turbinolia
536 1176 761 1218 reticulata,
790 1175 920 1208 Nobis.

198 1241 246 1274 T.
275 1242 398 1288 conica
431 1241 504 1274 bafi
530 1241 747 1275 subcurvata
770 1242 826 1275 vel
846 1247 966 1284 recta,
1001 1242 1106 1275 sulcis
1134 1243 1431 1287 profundioribus
1456 1250 1600 1276 exarata
1616 1268 1625 1286 ,
1647 1246 1754 1278 costis
1779 1246 1840 1277 in-

147 1306 327 1341 termediis
353 1319 435 1340 cum
461 1306 611 1340 lamellis
637 1306 996 1351 obliquetransverfis
1037 1309 1235 1342 reticulatis
1272 1308 1491 1353 finiplicibus
1508 1335 1517 1352 ‚
1556 1311 1734 1354 integri53
1763 1311 1838 1344 cel-

147 1375 223 1407 lula
247 1374 427 1406 terminali
452 1373 619 1417 obliqua,
657 1375 1130 1418 campanulato—excavata,
1168 1375 1317 1409 lamellis
1346 1376 1569 1409 radiantibus
1599 1376 1841 1421 simplicibus,

146 1438 355 1484 aequalibus
381 1440 418 1472 in
446 1444 569 1472 centro
594 1438 844 1483 irregulariter
866 1440 1021 1484 plicatis.

196 1505 283 1539 Vid.
308 1504 399 1539 Tab.
423 1504 528 1538 XVI.
582 1505 770 1549 Speeimen
798 1505 1042 1550 magnitudine
1067 1506 1239 1539 naturali.

196 1572 254 1604 Ex
280 1571 407 1605 Museo
433 1571 544 1604 Dom.
572 1570 681 1604 Seren
683 1593 803 1606 .....

196 1637 442 1671 Petrefacturn
471 1637 672 1671 calcareum
702 1638 888 1671 invenitur
915 1639 951 1671 in
980 1650 1065 1683 agro
1101 1639 1357 1684 Groningan02

202 1704 286 1749 Obf.
338 1704 440 1737 Haec
478 1705 608 1749 species
637 1704 880 1738 Tarbmoliae
905 1705 1025 1738 differt
1051 1718 1072 1738 a
1097 1706 1359 1750 congeneribus
1388 1707 1542 1740 criteriis
1570 1709 1670 1741 valde
1697 1710 1844 1742 notabi-

149 1769 264 1803 libus:
303 1769 388 1803 sulci
422 1771 528 1803 costis
562 1771 714 1816 separati
757 1777 791 1805 et
822 1771 891 1804 sese
923 1771 1154 1819 extendentes
1194 1772 1232 1804 in
1269 1772 1345 1806 eius
1376 1772 1595 1817 superficiem
1632 1760 1814 1809 externam
1833 1802 1843 1818 ‚

147 1836 328 1869 interfecti
369 1835 520 1869 lamellis
552 1837 850 1870 transversalibus
884 1836 1067 1882 obliquis,
1105 1836 1306 1871 sufficerent
1337 1844 1377 1871 ut
1413 1850 1458 1872 ex
1489 1851 1530 1872 ea
1561 1839 1721 1874 distincta
1762 1843 1845 1886 spe-

148 1902 217 1934 cies
255 1902 543 1936 constitueretur.
598 1902 720 1935 Unum
757 1908 821 1937 aut
851 1903 942 1937 duos
972 1903 1120 1948 pollices
1148 1910 1201 1937 est
1221 1904 1307 1937 ulta
1341 1911 1376 1938 et
1406 1917 1450 1938 ex
1485 1905 1644 1939 calcares
1681 1909 1844 1941 transiti—

149 1967 229 2000 onis
263 1968 352 2001 oriri
380 1968 536 2003 videtur.

197 2101 231 2134 6.
290 2100 510 2134 Turbinolia
530 2103 747 2146 ζςνναηιιίαἰξα
761 2127 772 2146 ,
800 2102 927 2138 Nobis.

199 2166 247 2199 T.
293 2166 500 2210 turbinata,
552 2168 725 2213 incurva,
772 2169 926 2203 obsolete
970 2171 1283 2215 longitudinaliter
1330 2171 1449 2204 striata
1466 2195 1475 2212 ,
1524 2170 1614 2204 striis
1664 2173 1818 2205 minimis
1836 2200 1846 2218 ‚

151 2231 347 2275 confertis,
383 2233 585 2267 transverse
613 2235 776 2279 plicatis;
807 2236 935 2270 cellula
969 2237 1149 2270 terminali
1182 2236 1649 2281 campanellam-excavata,
1688 2239 1848 2282 margine

149 2303 271 2340 recto,
305 2304 437 2340 acuto3
471 2298 622 2333 lamellis
659 2297 817 2344 crebris,
849 2303 1086 2347 aequalibus,
1122 2303 1322 2347 granulatis
1362 2304 1397 2336 in
1439 2309 1603 2337 centrum
1634 2310 1847 2339 excavatum

153 2364 312 2397 deflexis.

197 2429 282 2462 Vid.
310 2428 404 2463 Tab.
429 2429 554 2464 XVII.-
605 2432 792 2476 Specimen
819 2437 966 2479 magnit.
994 2441 1113 2469 natur.

196 2494 254 2528 Ex
287 2495 413 2529 Museo
447 2497 556 2531 Dom.
595 2497 705 2532 Seren
711 2523 823 2534 .....
