2024 3022
177 246 199 281 6
521 244 710 282 CAROLI
747 243 1008 283 FRANCISCI
1043 244 1264 284 ANTONII
1296 247 1515 285 MORREN

182 359 446 407 antiquissima!
510 361 655 396 Etenim
695 360 828 407 Polypi
860 359 971 395 nullis
1006 360 1082 397 fere
1115 363 1260 410 organis
1284 362 1454 399 distinctis
1479 363 1631 411 ideoque
1655 363 1765 400 nullis
1789 365 1867 400 fere

174 427 406 463 facultatibus
442 426 683 462 instruuntur.
752 427 827 461 Nec
864 427 1050 463 cerebrum
1066 452 1079 472 ,
1126 439 1193 464 nec
1228 430 1431 465 funiculum
1467 429 1762 476 longitudinalem
1798 441 1869 466 nee

176 505 303 528 nervos
342 493 493 528 habent:
527 492 672 538 systema
709 493 900 528 nervosum
939 493 1180 540 desideratur,
1215 506 1281 530 nec
1307 484 1397 540 cor‚'
1422 506 1489 531 nec
1514 506 1648 541 venae,
1674 508 1742 532 nec
1765 502 1867 536 arte-,

177 559 250 592 riae
287 561 322 592 in
359 560 401 591 iis
436 557 697 602 observantur,
730 569 797 592 nec
830 557 904 593 ulla
941 559 1023 595 vasa
1045 561 1090 596 ad
1115 560 1360 596 circulationis
1383 561 1607 597 functionem
1633 562 1870 607 pertinentia.-

178 625 389 668 Branchiis,
435 624 609 667 tracheis‚
656 625 761 659 saccis
807 625 1037 670 pulmoneis,
1087 632 1162 660 toto
1218 627 1466 672 respirationis
1510 627 1693 673 systemate
1733 633 1871 663 carent.

173 690 331 735 Simplex
366 701 499 736 corpus
542 691 836 737 mucilaginosum
872 692 1040 726 utriculis
1077 691 1309 727 cellularibus
1348 691 1566 728 membranis
1609 699 1710 727 textu
1756 704 1868 738 egen-

177 756 298 800 tibus,
339 761 373 790 et
416 757 551 802 liquido
583 757 720 791 viscoso
751 758 897 802 repletis
927 757 1110 800 constan33
1143 757 1276 791 canalis
1306 757 1482 792 alimentis
1512 758 1723 804 recipiendis
1758 757 1866 792 desti-

172 828 304 866 natus,
346 823 448 866 saepe
477 822 650 866 simplex,
684 823 784 867 saepe
816 823 853 856 in
889 824 922 857 se
952 825 1071 869 ipsum
1101 829 1311 868 contortus,
1349 824 1458 858 unico
1494 823 1671 858 foramine
1704 825 1776 857 oris
1814 825 1871 857 se-

172 888 245 921 mul
280 894 314 922 et
349 889 406 922 ani
453 889 547 922 vices
586 894 734 934 agente3
785 900 920 935 organa
958 890 1203 934 prehenfionis
1242 896 1392 924 externa
1429 889 1682 933 efformantia‚
1722 889 1867 924 brachia

173 954 367 987 retractilia
405 952 476 988 five
507 955 688 988 tentacula
726 955 834 989 instar
876 955 1008 989 massae
1048 956 1212 1001 corporis
1247 955 1371 989 intime
1406 954 1621 999 composita:
1659 954 1715 990 En
1742 957 1869 998 paucis

173 1020 290 1053 verbis
318 1020 544 1065 Polyporum
578 1021 810 1065 organisatio!
862 1020 1014 1066 Insuper
1045 1022 1248 1054 notandum
1284 1026 1363 1065 est,
1397 1032 1522 1054 eorum
1556 1031 1691 1066 corpus
1722 1021 1869 1065 persae-

174 1097 220 1131 pe
256 1086 327 1119 bafi
367 1086 495 1121 solidae
529 1086 686 1121 adfixum
718 1087 886 1130 haerere,
920 1087 1016 1120 unde
1047 1084 1087 1119 fit
1121 1085 1216 1130 quod
1247 1086 1389 1119 extensa
1420 1085 1668 1119 locomutionis
1699 1084 1870 1119 facultate

173 1165 245 1186 non
279 1154 457 1197 gaudeant
473 1178 483 1196 ,
507 1153 676 1197 quoniam
704 1153 776 1187 sola
806 1153 920 1186 ferme
942 1151 1123 1186 tentacula
1148 1151 1191 1184 ad
1219 1152 1387 1197 praedam
1408 1151 1615 1196 capiendam
1641 1150 1710 1190 sese
1735 1156 1865 1184 exten-

169 1222 282 1264 dunt,
323 1227 356 1254 et
403 1221 648 1255 contractione
686 1219 784 1253 illam
825 1219 868 1252 ad
899 1230 937 1252 os
965 1218 1130 1252 referunt
1155 1229 1221 1251 nec
1258 1223 1376 1251 tamen
1409 1217 1541 1251 animal
1579 1217 1657 1251 loco
1687 1222 1866 1252 movetur.

173 1287 316 1330 Polypi
352 1287 504 1331 rotiferi
537 1285 718 1319 interdum
759 1284 827 1318 sese
859 1284 938 1317 loco
966 1288 1138 1324 movent,
1176 1283 1230 1316 sed
1257 1288 1446 1316 tunc-non
1473 1283 1722 1328 circumagunt
1749 1288 1866 1320 rotam

172 1351 401 1393 vibi-afilem,
437 1351 480 1383 ad
513 1351 615 1383 cuius
649 1349 866 1382 rotationem
896 1348 1097 1392 requiritur
1121 1354 1259 1382 certum
1278 1355 1458 1394 punctum
1483 1348 1621 1392 fixum,
1655 1349 1751 1393 quod
1771 1349 1871 1383 obti-

167 1423 227 1450 net
258 1415 391 1448 animal
422 1414 492 1447 basi
530 1413 716 1458 corporis,
749 1411 836 1445 tubo
869 1411 1041 1444 retractili
1065 1412 1171 1457 vulgo
1203 1412 1421 1457 composita,
1449 1411 1632 1457 adfigendo
1655 1413 1867 1448 substantiae

171 1483 308 1515 cuidam
339 1481 451 1513 durae
479 1484 514 1512 et
551 1479 680 1512 tenaci.
731 1477 893 1517 Tandem
930 1476 1062 1522 Polypi
1096 1476 1296 1522 polypariis
1327 1475 1515 1521 instructi,
1553 1478 1597 1511 de
1630 1478 1761 1523 quibus
1785 1480 1867 1513 solis

170 1551 226 1582 hic
254 1554 307 1582 est
340 1546 547 1592 agendum,
585 1556 717 1590 corpus
751 1544 885 1578 habent
916 1542 1140 1586 obductum,
1171 1542 1351 1576 inclusum
1385 1542 1443 1579 vel
1477 1542 1652 1587 infixum,
1678 1544 1867 1580 substantia

165 1615 249 1659 plus
279 1615 443 1648 minusve
477 1611 567 1646 durii
586 1636 595 1654 ,
625 1610 755 1644 cornea
791 1611 847 1644 vel
875 1608 1056 1652 calcareQ
1097 1620 1189 1653 quae
1217 1609 1376 1642 nascitur
1405 1619 1448 1642 ex
1470 1610 1756 1644 transsudatione
1787 1612 1862 1644 hu-

170 1690 310 1713 morum
358 1678 402 1712 ab
437 1676 581 1711 animali
612 1677 691 1721 ipso
725 1674 995 1720 productorum.
1057 1673 1264 1719 Aliquando
1301 1674 1481 1719 integrum
1517 1677 1679 1720 corporis
1713 1677 1865 1711 involu-

170 1757 272 1778 crum
311 1749 362 1777 est
394 1743 542 1776 omnino
573 1742 801 1785 calcareum,
838 1741 942 1774 modo
975 1746 1029 1773 est
1058 1741 1187 1785 partim
1224 1740 1448 1783 calcareum,
1492 1743 1622 1785 partim
1658 1752 1743 1776 vero
1780 1754 1865 1775 cor-

171 1823 303 1852 neum5
338 1810 443 1843 modo
483 1809 660 1853 denique,
699 1808 776 1840 loco
806 1807 971 1840 elementi
1006 1806 1127 1849 solidi,
1170 1807 1405 1851 reperiuntur
1438 1805 1548 1839 fibrae
1577 1807 1661 1852 plus
1697 1808 1862 1841 minusve

172 1884 312 1909 tenaces
359 1882 393 1909 et
440 1875 594 1910 invicem
635 1874 880 1917 transversae,
925 1875 961 1906 in
995 1871 1124 1922 quibus
1154 1870 1390 1905 observantur
1423 1870 1617 1916 aperturae
1649 1873 1863 1906 animalibus

172 1943 383 1988 recipiendis
414 1942 586 1984 idoneae,
627 1940 678 1974 uti
714 1941 749 1973 in
778 1938 950 1984 Spongc‘l9
982 1938 1312 1973 animadvertimus-

218 2008 319 2042 Haec
356 2008 466 2040 fufius
509 2007 622 2039 essent
657 2006 937 2051 pertractanda,
979 2011 1018 2037 ut
1054 2004 1167 2037 lector
1202 2003 1318 2048 posset
1354 2002 1572 2053 intelligere,
1610 2005 1789 2049 quomodo
1821 2006 1860 2037 in

170 2076 258 2109 statu
301 2075 432 2116 fossili,
483 2073 673 2118 polyparia
714 2073 813 2117 saepe
861 2071 1050 2105 exhibeant
1095 2070 1227 2104 formas
1263 2080 1336 2102 non
1370 2071 1516 2102 omnino
1552 2068 1745 2104 fimiuimas
1780 2070 1862 2102 for—

171 2142 261 2184 mis,
299 2151 390 2185 quae
424 2140 460 2172 in
500 2150 624 2171 eorum
650 2136 911 2182 congeneribus
933 2135 1138 2170 viventibus
1164 2135 1420 2180 reperiuntur3
1452 2145 1535 2168 nam
1559 2134 1660 2168 facile
1683 2142 1859 2180 conceptu

171 2214 245 2248 est,
295 2206 379 2250 quid
419 2205 537 2238 locum
578 2204 708 2240 habere
748 2203 935 2246 debuerit,
978 2214 1090 2247 quum
1134 2201 1399 2235 semi-calcarea
1438 2206 1473 2234 et
1516 2201 1755 2235 semi-cornea
1788 2214 1860 2246 po-

169 2272 309 2317 lyparia
344 2273 379 2305 in
420 2272 501 2304 saxa
531 2270 660 2303 durata
696 2271 858 2302 suerunt.
910 2268 1023 2313 Saepe
1053 2267 1147 2300 enim
1178 2266 1250 2303 sola
1280 2277 1365 2310 pars
1397 2265 1557 2299 cale-area
1590 2267 1724 2299 intacta
1752 2278 1860 2301 man-—

170 2339 209 2372 fit
251 2343 313 2370 aut
352 2337 538 2382 propriam
576 2337 674 2369 suam
717 2335 868 2370 servavit
904 2334 1078 2376 formam,
1124 2330 1264 2366 mutata
1300 2329 1492 2368 substantia
1526 2342 1658 2365 cornea
1696 2331 1740 2364 ab
1779 2335 1862 2366 ani-

168 2403 251 2438 mali
294 2402 482 2436 efformata
522 2402 559 2435 in
600 2401 826 2437 substantiam
869 2411 998 2435 novam
1032 2397 1119 2440 soli3
1154 2398 1190 2431 in
1217 2407 1333 2442 eoque
1365 2396 1455 2431 statu
1494 2397 1723 2443 polyparium
1759 2409 1864 2430 eam.=

166 2473 244 2504 dem
275 2480 316 2502 ac
350 2473 432 2500 ante
465 2478 572 2511 quam
607 2466 723 2500 fosfile
753 2472 829 2501 erat
869 2466 1020 2500 formam
1059 2463 1197 2498 habuit.
1249 2462 1454 2508 Aliquando
1488 2463 1597 2496 etiam
1621 2473 1707 2508 pars
1732 2473 1862 2498 cornea

165 2535 330 2578 evanuit,
365 2538 514 2578 tumque
547 2537 713 2566 centrum
745 2536 808 2566 aut
845 2533 922 2566 axis
961 2533 1142 2566 calcareus
1185 2529 1279 2564 solus
1318 2528 1509 2572 remansit,
1544 2529 1600 2564 sed
1629 2529 1735 2563 etiam
1761 2532 1860 2564 acci-
