2024 3022
220 261 264 294 62
566 258 752 292 CAROLI
789 255 1048 291 FRANCISCI
1085 254 1302 290 ANTONII
1337 254 1559 289 MORREN

231 372 380 405 struitur
415 372 520 405 stellis
552 372 737 414 maximis,
771 371 935 415 pollicem
975 371 1124 403 unicum
1158 374 1222 404 aut
1259 370 1349 403 duos
1389 369 1563 402 diametro
1596 369 1900 414 adaequantibus,

228 438 393 471 concavis
409 461 419 479 ‚
449 442 569 470 centro
595 427 705 481 plano
731 437 888 481 papillae
914 437 952 470 in
977 436 1123 470 modum
1148 436 1374 480 exsurgente.

277 568 313 600 8.
363 566 509 600 Astrea
543 566 802 610 escharo‘z'des,
830 578 962 602 GOLDF.
987 581 1026 613 p.
1050 569 1108 602 68.
1134 568 1226 601 Tab.
1251 567 1394 602 XXIII.
1416 566 1475 611 fig.
1504 578 1539 601 2.
1565 567 1631 601 ab.

278 631 322 664 A.
349 631 456 664 stellis
499 633 697 677 contiguis,
735 633 962 677 subseriatis‚
991 634 1335 675 multi-lamellofis3
1371 632 1520 666 lamellis
1553 632 1719 666 tenuibus
1737 657 1747 675 ,
1785 633 1902 666 conti-

227 699 329 739 nuis,
369 698 451 730 hinc
487 699 620 741 rectis,
656 698 860 742 parallelis,
901 700 983 732 inde
1019 698 1183 732 fiexuofis
1223 697 1417 731 trabeculis
1443 697 1652 731 lateralibus
1682 697 1902 731 cancellatim

224 763 395 797 connexis
421 773 440 794 e
465 768 588 795 centro
612 762 777 796 tubuloso
804 764 1037 797 radiantibus.

273 828 464 861 Invenitur
496 827 622 860 fosfilis
645 829 682 861 in
698 827 813 862 stratis
837 829 1004 862 calcareis
1028 829 1159 862 montis
1180 828 1231 861 St.
1260 827 1361 861 Petri
1385 838 1500 872 prope
1520 827 1767 862 Maastriclzt.

275 892 357 936 Obs.
408 892 507 926 Haec
537 894 668 937 species
693 893 915 936 incrustans‚
942 895 1050 939 vulgo
1089 894 1327 936 orbicularis,
1364 892 1550 926 instruitur
1584 893 1690 926 stellis
1722 893 1900 938 dispofitis

224 960 261 992 in
297 959 440 991 modum
474 958 650 993 linearum
688 961 995 994 concentricarum
1029 961 1110 994 satis
1141 959 1372 1004 regularium.
1425 957 1537 1002 Saepe
1567 958 1671 991 etiam
1704 958 1764 991 illa
1795 968 1904 1002 regu-

221 1025 343 1058 laritas
370 1035 443 1057 non
481 1026 648 1059 occurrit.

272 1168 307 1199 9.
359 1156 505 1189 Astrea
539 1157 704 1198 textilis,
739 1166 869 1190 conor.
897 1167 934 1199 p.
971 1155 1029 1189 68.
1059 1153 1151 1189 Tab.
1177 1153 1324 1187 XXIII.
1348 1153 1402 1198 fig.
1424 1155 1460 1187 5.
1487 1153 1558 1187 ab.

272 1221 319 1256 A.
342 1221 644 1265 hemisphaerica,
674 1221 780 1254 stellis
810 1221 989 1264 contiguis
1019 1220 1244 1253 concentriee
1274 1219 1500 1262 subseriatis,
1528 1219 1674 1252 lamellis
1709 1220 1801 1253 raris
1833 1219 1902 1254 fle-
1934 1260 1937 1262 ,

222 1287 339 1320 xuofis
386 1287 564 1319 continuis
610 1287 649 1319 in
698 1286 796 1320 disco
841 1286 1019 1330 oblongo,
1069 1283 1262 1317 trabeculis
1309 1283 1516 1317 lateralibus
1559 1284 1776 1318 reticulatim
1813 1296 1902 1318 con-

223 1352 339 1386 textis.

272 1415 462 1451 Invenitur
485 1417 521 1450 in
541 1416 654 1449 stratis
678 1416 808 1448 montis
833 1415 885 1448 St.
910 1415 1012 1448 Petri
1037 1427 1155 1460 prope
1176 1415 1422 1450 Maastricht.

278 1481 363 1525 obs.
416 1482 517 1514 Haec
551 1481 682 1525 species
715 1480 828 1513 multo
860 1481 981 1513 minus
1016 1485 1069 1513 est
1098 1480 1241 1513 extensa
1271 1491 1379 1524 quam
1410 1481 1683 1523 antecedentes;
1717 1481 1824 1526 vulgo
1850 1487 1902 1516 est

227 1546 454 1579 orbicularis.
507 1545 636 1579 Stellae
670 1546 751 1578 sunt
778 1545 946 1588 exiguae,
982 1545 1172 1589 contiguae
1201 1545 1311 1578 instar
1337 1545 1513 1577 linearum
1544 1546 1793 1589 irregulariter
1814 1558 1903 1581 con-

224 1612 475 1645 centricarum.
530 1612 671 1644 Puncta
705 1611 833 1655 porosa
865 1615 1062 1642 occurrunt
1094 1610 1131 1642 in
1160 1621 1251 1652 axe,
1283 1610 1377 1643 unde
1404 1609 1685 1654 proficiscuntur
1712 1612 1815 1647 radii.

275 1753 332 1775 10.
385 1741 531 1775 Astrea
556 1741 829 1788 velamentosa,
866 1752 995 1775 eonor.
1026 1753 1064 1784 p.
1106 1741 1164 1774 68.
1200 1740 1291 1775 Tab.
1322 1740 1447 1774 XXII.
1471 1740 1531 1785 fig.
1552 1741 1590 1774 4.
1616 1742 1683 1774 ab.

274 1806 319 1840 A.
356 1806 459 1840 stellis
499 1807 697 1850 contiguis,
736 1807 906 1840 confertis
929 1831 939 1849 ‚
977 1805 1200 1849 subseriaffis,
1247 1807 1396 1839 lamellis
1441 1807 1653 1840 tenuissimis
1691 1809 1895 1851 continuis,

227 1872 311 1905 hinc
344 1873 449 1904 rectis
466 1896 477 1914 ‚
502 1872 585 1905 inde
614 1872 846 1916 geniculatis,
874 1872 910 1904 in
938 1876 1061 1904 centro
1083 1872 1271 1916 irregulari
1292 1872 1507 1905 reticulatim
1535 1873 1716 1906 connexis.

271 1938 459 1971 Invenitur
494 1939 531 1971 in
563 1939 642 1971 saxo
677 1938 1019 1971 cretaceo-calcareo
1050 1939 1181 1970 montis
1210 1937 1262 1970 St.
1295 1938 1396 1970 Petri
1425 1948 1541 1982 prope
1565 1937 1810 1973 Maastriclzt.

275 2003 358 2048 obs.
409 2004 509 2037 Haec
533 2003 673 2048 Astrea
701 2003 899 2037 incrustans
923 2003 1157 2047 amplitudine
1186 2003 1355 2036 mediocri
1377 2002 1548 2036 instructa
1571 2008 1649 2045 est,
1686 2003 1791 2037 stellis
1823 2005 1897 2038 mi—

225 2070 357 2112 nimis,
388 2069 564 2103 linearum
599 2075 776 2103 rectarum
813 2069 921 2103 instar
954 2070 1143 2113 dispofitis.
1195 2070 1370 2103 Centrum
1398 2070 1509 2113 poris‘
1528 2069 1784 2113 irregularibus
1808 2081 1896 2114 per—

221 2135 374 2168 foratur.

279 2273 335 2297 ιι.
385 2264 529 2298 Astrea
551 2267 718 2311 gyrosa,
750 2278 879 2301 comp.
902 2280 941 2313 p.
961 2268 1022 2301 68.
1047 2267 1138 2301 Tab.
1165 2263 1307 2301 XXIII.
1334 2262 1390 2308 fig.
1417 2264 1451 2297 5.
1472 2264 1537 2297 ab.

268 2328 320 2365 A.
347 2328 449 2363 stellis
484 2332 664 2375 contiguis
693 2333 840 2377 integris
863 2333 919 2367 vel
949 2331 1386 2378 gyroso-conssuentibus,
1419 2329 1569 2363 lamellis
1593 2329 1770 2373 minimis,
1803 2340 1890 2368 cen-3

222 2400 278 2427 tro
304 2394 444 2438 poroso.

276 2459 464 2492 Invenitur
495 2459 621 2493 sosfilis
652 2461 689 2494 in
715 2460 838 2494 -stratis
861 2461 991 2494 montis
1024 2460 1075 2495 St.
1106 2461 1208 2494 Petri
1241 2471 1357 2505 prope
1383 2460 1629 2496 Maastriclzt.

269 2523 352 2568 Obs.
421 2523 548 2557 Stellae
589 2525 698 2559 huius
739 2527 892 2560 maxime
931 2525 1110 2561 distinctae
1141 2528 1266 2572 speciei
1306 2529 1381 2562 sere
1414 2529 1551 2573 semper
1583 2529 1665 2562 sunt
1690 2528 1888 2576 distinctae,
