2024 3022
199 247 240 277 24
556 240 745 277 CAROLI
783 238 1044 274 FRANCISCI
1081 237 1296 271 ANTONII
1331 236 1550 272 MORREN

202 356 268 388 mis
303 355 541 389 tuberculatis
570 353 796 396 terminatis,
840 353 948 386 ramis
981 352 1177 395 brevibus,
1221 350 1747 395 mammilloso-tuberculatis‚
1781 352 1883 397 poris

202 420 448 464 irregulariter
472 419 666 463 dispositis,
693 417 830 462 magnis
846 441 856 460 ,
882 429 958 450 non
983 417 1214 461 prominulis.

260 486 318 518 Ex
346 485 470 517 Museo
498 493 577 516 meo
606 482 701 515 Tab.
730 481 779 515 V.
809 481 868 527 fig.
904 493 938 516 ι.
964 482 1196 515 individuum
1223 481 1470 527 magnitudine
1496 482 1662 515 naturali.

254 549 397 582 Fosfilis
439 548 623 582 invenitur
650 548 690 580 in
723 546 903 580 montibus
937 547 1244 581 filiceo—cretaceis
1278 558 1394 591 prope
1425 545 1638 580 Melsbroek·
1679 546 1717 578 in
1750 546 1888 580 viciniis

210 614 414 648 Vilvoorcle
452 612 681 646 Brabantiae.
1236 646 1239 647 ⁷
1373 611 1377 614 '

260 678 345 724 Ol3f.
395 679 497 712 Haec
527 677 720 721 Millepora
747 677 1003 721 longitudinem
1030 677 1106 711 sere
1137 677 1243 712 habet
1278 677 1300 711 6
1327 677 1497 722 pollicum
1522 682 1559 713 et
1577 677 1658 711 satis
1679 678 1795 710 crassa
1815 682 1891 719 est,

209 744 342 786 solida,
363 743 594 777 diversimode
621 742 841 786 compressa,
865 743 920 775 sed
946 742 992 775 fic
1017 748 1134 777 tamen
1149 767 1160 786 ,
1186 748 1227 776 ut
1252 742 1389 785 latera,
1419 753 1509 786 quae
1534 742 1629 775 hisce
1651 742 1892 786 depresfioni-

206 808 272 841 bus
307 809 502 850 oriuntur,
528 807 785 851 triangularem
820 807 972 841 formam
997 808 1149 842 servent.
1214 809 1337 841 Cornu
1367 808 1463 841 cervi
1497 818 1570 840 non
1605 806 1696 840 male
1735 806 1889 840 fimulat.

207 871 320 915 Pori,
354 872 545 917 paululum
575 872 668 904 sorte
702 872 804 916 aquis
837 872 951 915 erofi,
996 872 1132 906 nullam
1164 872 1296 906 stellam
1338 871 1535 905 distinctam
1566 872 1788 914 monstrant,
1824 883 1895 915 qua

207 942 293 969 nota
333 937 401 969 hoc
431 937 671 982 Polyparium
697 948 717 969 a
739 937 835 970 veris
857 937 1086 981 Madreporis
1102 962 1112 981 ,
1138 938 1352 983 quibuscum
1380 938 1577 981 analogiam
1600 936 1728 979 habet,
1754 937 1893 969 discre-

208 1007 283 1045 pat.
342 1001 385 1034 In
420 1002 522 1034 nullo
561 1002 629 1034 alio
665 1001 790 1035 Museo
811 1026 822 1044 ,
852 1003 1027 1047 nulloque
1061 1003 1098 1036 in
1132 1013 1242 1048 opere
1276 1014 1353 1035 eam
1383 1003 1480 1045 vidi,
1513 1002 1608 1046 quod
1636 1002 1680 1034 ad
1706 1001 1894 1034 delinean-

205 1068 286 1099 dam
321 1066 419 1099 illam
452 1065 605 1110 figuram
635 1077 692 1099 me
730 1067 888 1100 induxit.

255 1133 395 1166 Nomen
432 1143 561 1166 numm
595 1133 680 1166 huic
714 1133 925 1178 praescripfi
940 1158 950 1176 ,
981 1133 1046 1178 qui
1063 1138 1213 1176 auctor,
1236 1131 1399 1165 Instituta
1426 1132 1538 1176 Regio
1560 1131 1703 1175 Belgico
1729 1130 1889 1176 adscrip-

204 1203 263 1230 tus
280 1222 290 1240 ,
326 1199 467 1242 primus
512 1198 652 1231 dentem
689 1198 873 1231 cuiusdam
910 1197 1121 1243 Elephantis
1159 1196 1285 1231 fossilis
1311 1197 1438 1241 speciei
1463 1197 1531 1230 hoc
1556 1197 1595 1230 in
1622 1197 1701 1240 ipso
1725 1197 1803 1230 loco
1829 1197 1890 1230 in-

204 1267 351 1296 ventum
366 1286 377 1306 ,
405 1263 638 1306 descriptione
663 1269 698 1296 et
723 1263 886 1296 iconibus
913 1263 1116 1297 illustravit.

255 1396 291 1424 4.
343 1390 553 1436 Millepora
580 1392 692 1436 crista
718 1392 842 1435 galli,
867 1391 994 1425 Nobis.

252 1457 479 1498 M.10bata,
525 1456 615 1489 lobis
656 1455 900 1501 fimplicibus,
938 1454 1130 1498 brevibus,
1168 1453 1324 1498 obtusis,
1356 1454 1427 1489 basi
1463 1445 1754 1500 confluentibus,
1788 1457 1886 1501 poris

208 1521 342 1555 crebris
372 1522 521 1555 minutis
550 1526 738 1566 punctata.

254 1586 518 1631 Illaclreporite
551 1598 595 1619 en
625 1587 725 1619 crete
755 1587 799 1619 cle
832 1598 910 1632 coq.
947 1597 1047 1621 FAUI.
1077 1597 1126 1620 ετ.
1155 1596 1263 1619 Fons).
1315 1585 1413 1618 Hist.
1442 1591 1518 1621 nat.
1549 1586 1646 1620 dela
1666 1592 1778 1622 mont.
1829 1587 1884 1620 St.

204 1652 329 1685 Pierre
349 1664 386 1696 p.
412 1652 616 1695 208—209.
651 1651 742 1685 Tab.
774 1651 842 1685 XI.
873 1651 931 1695 fig.
964 1663 1015 1686 11.
1050 1650 1116 1684 ab.

251 1717 393 1749 Fosfilis
429 1717 615 1750 invenitur
643 1717 680 1749 in
715 1717 895 1750 montibus
923 1717 1096 1750 cretaceis
1130 1727 1245 1760 prope
1272 1714 1518 1750 Maastrickt.

257 1782 341 1828 Olgf.
395 1782 562 1826 Dubito,
592 1794 637 1815 an
677 1785 804 1817 rever'a
835 1783 878 1816 fit
907 1783 1038 1826 species
1074 1782 1255 1824 distincta3
1282 1793 1365 1815 nam
1397 1793 1475 1815 eam
1507 1793 1582 1815 non
1617 1782 1690 1817 vidi
1723 1787 1760 1816 et
1788 1793 1882 1826 non,

203 1846 267 1879 nifi
300 1858 344 1879 ex
378 1858 486 1891 opere
521 1847 576 1881 Cl.
609 1858 762 1891 FAmAs,
793 1859 871 1881 eam
906 1849 1004 1883 novi.

254 1979 289 2010 5.
343 1977 551 2023 IlIillepor-cz
577 1990 716 2023 aspera
740 1989 829 2013 LAm.
1325 2020 1329 2023 ³

255 2041 312 2074 M.
340 2044 596 2087 ramofisflma,
641 2044 929 2089 subcompressa,
976 2043 1122 2077 ramulis
1164 2043 1354 2094 brevibus,
1395 2043 1626 2078 tuberculofis
1653 2050 1689 2078 et
1719 2045 1881 2078 murica-

206 2107 274 2149 tis,
305 2108 404 2151 poris
438 2108 524 2141 hinc
559 2107 645 2141 fisfis
678 2109 908 2153 prominulis-

254 2173 355 2206 Lim.
381 2173 490 2209 anim.
515 2174 539 2207 s.
564 2180 655 2208 vert.
681 2174 786 2210 Tom.
809 2175 856 2209 II.
879 2187 916 2220 p.
941 2185 1023 2209 201.
1046 2176 1140 2219 spec.
1166 2175 1202 2208 4.

254 2237 519 2282 Maelreporite
544 2239 804 2274 Abrotano'z'de
828 2241 925 2287 apud
955 2251 1057 2274 mm.
1092 2251 1146 2274 ετ.
1177 2250 1270 2273 rom)
1308 2240 1409 2275 Hist.
1443 2246 1517 2275 nat.
1549 2241 1592 2274 de
1612 2241 1645 2274 la
1664 2246 1779 2275 mont.
1829 2240 1881 2277 St.

207 2302 332 2335 Pierre
362 2315 399 2347 p.
430 2315 508 2348 191.
535 2305 627 2338 Tab.
652 2306 815 2341 XXXV.
838 2305 897 2350 fig.
923 2308 944 2339 5
967 2310 1003 2339 et
1022 2305 1059 2339 6.

255 2367 397 2402 Fosfilis
428 2370 613 2404 invenitur
644 2372 682 2405 in
713 2371 896 2405 montibus
924 2371 1090 2405 cretaceis
1118 2381 1234 2416 prope
1262 2370 1511 2405 Maastriclzt.

257 2431 341 2477 Ohs.
403 2434 535 2469 Eadem
576 2437 632 2476 hic
671 2438 790 2473 oritur
827 2436 1000 2472 dubitatio
1040 2448 1082 2472 ac
1123 2436 1162 2477 in
1201 2437 1431 2482 praecedenti
1473 2437 1610 2483 specie,
1653 2436 1699 2471 ob
1736 2436 1883 2470 eandem

204 2498 358 2532 causam.
