2024 3022
181 234 229 269 46
525 227 713 264 CAROLI
748 224 1008 262 FRANCISCI
1043 224 1265 261 ANTONII
1297 223 1516 261 MORREN

231 345 468 393 Polyparium
506 345 705 379 calcareum
722 367 733 385 ‚
767 341 914 375 affixum
930 365 941 384 ,
986 340 1136 375 massam
1173 340 1401 386 explanatam
1418 364 1429 383 ,
1455 338 1701 373 subfoliaceam
1729 337 1863 373 consti-

185 420 302 448 tuens.
363 411 528 456 Superna
567 408 772 454 superficies
816 413 956 441 tantum
995 407 1101 441 sulcis
1149 406 1325 441 stelliferis
1366 409 1533 449 exarata,
1567 404 1672 439 stellis
1703 404 1867 439 lamello-

185 480 256 522 fis,
298 476 503 520 ferialibus,
554 474 748 518 sesfilibus,
791 473 1016 507 lamellarum
1059 473 1236 508 concursu
1277 473 1381 519 saepe
1420 471 1660 518 imperfectis,
1699 472 1759 507 vix
1806 470 1865 504 di-

183 545 331 578 stinctis.

233 611 332 644 [ΑΜ.
359 609 470 643 anim.
498 608 522 641 s.
551 611 643 641 vert.
671 605 779 639 Tom.
808 605 856 640 11.
881 617 919 650 p.
948 606 1032 639 241.

231 675 375 710 GOLDF.
403 673 540 708 Petref.
569 672 654 706 fasc.
686 672 716 706 I.
745 684 784 718 p.
811 672 873 707 42.

235 819 267 841 1.
318 806 511 851 Agaricia
534 804 683 846 lobata,
715 814 845 835 GoLnr.
882 801 1017 834 Petref.
1056 801 1143 835 fasc.
1186 813 1218 835 1.
1256 801 1323 835 N0.
1345 811 1380 836 2.
1404 800 1497 834 Tab.
1520 800 1607 835 XII.
1633 800 1691 846 fig.
1720 811 1773 835 ιι.

232 874 276 906 Α.
314 872 454 914 lobata,
507 870 741 914 complicata,
782 867 923 900 inferne
948 867 1058 900 ⁴striis
1089 868 1328 901 concentricis
1359 868 1515 911 sulcata,
1555 867 1661 900 stellis
1691 866 1869 912 regulari-

183 940 250 974 bus
288 938 490 983 contiguis,
532 936 733 981 impresfis,
775 933 1179 979 lamelloso·papillofis.

236 1006 294 1039 Ex
327 1006 447 1038 museo
482 1003 594 1036 Dom.
627 1001 736 1035 Seren
742 1023 849 1035 .....
1250 1036 1270 1053 r·

232 1071 478 1104 Petrefactum
508 1068 708 1101 calcareum
741 1066 926 1102 invenitur
959 1065 998 1099 in
1033 1064 1184 1108 regione
1222 1062 1484 1108 Groninganc‘z'.

238 1137 320 1181 obs.
374 1135 489 1168 Striae
536 1133 811 1175 concentricae,
849 1131 980 1177 quibus
1011 1129 1217 1175 superficies
1251 1129 1402 1163 inferior
1443 1130 1552 1163 huius
1591 1129 1779 1174 Polyparii
1809 1140 1873 1161 or-

183 1209 314 1246 natur,
345 1203 382 1235 in
414 1200 609 1235 individuis
644 1198 889 1241 Groninganis
920 1195 1058 1230 difficili
1087 1196 1190 1228 modo
1215 1196 1365 1240 possunt
1386 1194 1562 1239 distingui,
1622 1195 1720 1228 Haec
1749 1199 1869 1227 tamen

184 1270 228 1302 ad
271 1269 361 1302 hanc
399 1268 548 1311 speciem
581 1265 722 1304 reser03
754 1262 889 1307 figurae
925 1263 1020 1295 enim
1056 1261 1198 1305 aliaque
1233 1261 1378 1293 criteria
1411 1260 1546 1304 optime
1587 1271 1669 1293 cum
1702 1260 1816 1303 specie
1851 1270 1872 1290 a

184 1344 315 1368 GOLDF.
357 1329 531 1375 descripta
563 1333 784 1373 congruunt.
839 1328 882 1361 In
917 1338 1047 1372 genere
1084 1325 1201 1359 stellae
1232 1327 1387 1359 minores
1418 1325 1456 1357 in
1486 1325 1601 1369 specie
1635 1324 1871 1370 Groningana

187 1401 267 1434 sunt
304 1403 340 1431 et
374 1397 508 1442 exiguis
542 1394 690 1428 lamellis
727 1393 938 1437 granulosae
973 1393 1158 1426 videntur.
1209 1392 1290 1424 Hoc
1327 1391 1564 1435 Polyparium
1602 1391 1696 1435 degit
1726 1392 1764 1424 in
1796 1392 1872 1424 cal—

184 1477 286 1499 careo
332 1461 556 1498 transitionis
600 1464 636 1493 et
670 1458 714 1491 ad
758 1458 849 1491 illud
888 1458 994 1491 etiam
1034 1456 1234 1491 calcareum
1269 1455 1504 1501 Groningana
1541 1456 1734 1501 specimina
1775 1456 1873 1490 refe·

186 1537 333 1568 runtur.

235 1674 271 1697 2.
322 1659 516 1705 Agaricia
552 1655 836 1698 Sminderiana,
872 1665 1005 1688 eonor.
1032 1665 1071 1698 p.
1103 1665 1185 1698 109.
1218 1652 1287 1687 N0.
1315 1653 1351 1688 5.
1389 1651 1482 1686 Tab.
1507 1651 1726 1690 XXXVIII.
1752 1652 1810 1698 fig.
1838 1655 1877 1690 3.

189 1728 258 1762 ab.

230 1792 279 1828 A.
316 1790 499 1825 frondium
550 1788 665 1822 stratis
714 1786 900 1821 cucullatis
936 1783 1103 1830 pluribus
1147 1784 1208 1818 fibi
1242 1783 1537 1818 incumbentibus
1573 1783 1719 1817 stellulis
1754 1795 1873 1829 angu-

186 1859 268 1894 lofis
299 1857 427 1892 scabris
459 1856 608 1889 minutis
640 1852 810 1886 confertis
840 1851 1039 1895 contiguis,
1074 1856 1198 1884 centro
1230 1850 1426 1885 excavatis.

236 1924 477 1958 Petresactum
515 1920 716 1954 calcareum
746 1929 790 1951 ex
820 1928 905 1962 agro
934 1916 1181 1960 Groningano.

238 1990 321 2035 Obs.
386 1990 506 2022 Haece
543 1985 734 2030 Agaricict
776 1982 1043 2016 constituuntur
1089 1980 1221 2013 massae
1261 1979 1477 2013 rotundatae
1515 1978 1617 2022 saepe
1656 1978 1871 2022 irregulares

185 2057 326 2092 laminis
351 2052 632 2089 incrustantibus
657 2056 691 2084 et
717 2050 779 2083 fibi
804 2050 957 2083 invicem
986 2046 1215 2092 superpofitis
1242 2040 1445 2088 confectae,
1484 2055 1640 2088 quarum
1668 2042 1872 2089 superficies

186 2124 314 2168 rugosa
359 2121 471 2155 stellas
511 2117 660 2164 praebet
694 2116 858 2157 crebras,
891 2114 1082 2148 admodum
1108 2114 1279 2156 exiguas,
1317 2111 1365 2154 8,
1399 2121 1441 2143 10
1472 2110 1529 2145 vel
1568 2120 1609 2143 12
1647 2111 1777 2152 radim,
1811 2110 1873 2142 in-

190 2189 331 2222 terdum
374 2185 612 2231 irregulares,
651 2188 775 2217 centro
813 2192 943 2216 vacuo.
1011 2177 1249 2213 Illustrisfimo
1287 2176 1488 2210 Professori
1522 2173 1734 2209 Academiae
1770 2175 1872 2209 Gro-

190 2255 389 2298 ninganae,
426 2251 623 2285 doctissimo
656 2250 736 2284 viro
764 2257 839 2283 VAN
864 2255 1108 2288 swmomzmv,
1139 2243 1270 2277 dicavit
1299 2242 1398 2276 illam
1432 2241 1585 2287 speciem
1617 2240 1870 2275 celeberrimus

192 2330 385 2353 eonnrvss.
436 2318 592 2363 (Species
616 2315 760 2359 addita.)

242 2449 371 2485 XVIII
397 2448 524 2482 Genus
549 2457 837 2481 LITHODENDRON
855 2470 866 2489 ,
892 2452 1098 2478 scuwmcc.

237 2518 355 2563 Stirps
388 2515 572 2558 calcarea,
604 2513 732 2557 affixa,
760 2511 999 2554 dendro‘idea,
1028 2520 1048 2542 e
1081 2507 1218 2543 cellulis
1252 2506 1441 2541 lamellofis
1470 2505 1508 2540 in
1545 2510 1718 2540 truncum
1744 2515 1868 2543 ramo-2
