2024 3022
186 251 233 285 36
537 246 727 283 CAROLI
765 244 1024 280 FRANCISCI
1058 243 1274 279 ANTONII
1311 244 1532 279 MORREN

185 363 306 408 pinxit
322 387 333 406 ,
368 363 544 396 incertum
571 366 626 394 est
650 372 696 393 an
718 361 759 394 fit
778 359 1004 402 cannatum,
1030 359 1082 392 uti
1104 359 1237 404 optime
1267 358 1356 392 illud
1382 358 1552 393 delineari
1572 361 1711 396 curavit
1735 372 1864 396 GoLnF.

185 429 222 461 in
250 429 286 464 d,
313 427 370 473 fig.
399 438 454 461 12.
481 425 574 459 Tab.
602 425 668 459 IX.

236 569 268 591 2.
323 558 512 600 Retepora
538 554 783 597 liclaenoides,
809 564 940 590 GOLDF.
969 568 1005 600 p.
1033 568 1093 601 29.
1121 556 1214 590 Tab.
1242 555 1309 589 IX.
1337 555 1395 600 fig.
1424 556 1483 589 15.
1511 555 1577 589 ab.

233 624 279 656 R.
308 622 508 664 ramulosa,
535 621 763 663 dichotoma,
801 620 1085 665 subcancellata,
1120 620 1439 654 ramificationibus
1474 621 1745 665 teretiusculis‚
1772 623 1870 666 poris

186 687 393 722 lateralibus
421 687 593 729 minutis,
627 686 787 728 seriatis,
819 686 1011 731 impresfis.

231 754 374 789 Fosfilis
404 754 590 787 invenitur
623 752 661 785 in
688 751 804 785 stratis
840 753 972 785 montis
1002 753 1055 785 St.
1096 751 1197 784 Petri
1229 763 1345 796 prope
1375 750 1624 788 Maastriclzt.

237 821 321 865 obs.
370 820 471 852 Haec
497 819 688 862 Retepora
715 818 890 851 simillima
920 823 973 851 est
1000 817 1282 862 Madreporae,
1313 817 1370 850 [ed
1399 818 1443 851 ab
1465 818 1506 852 ea
1525 818 1752 863 distinguitur
1775 820 1874 864 poris

183 885 417 927 lateralibus,
451 884 629 926 internis,
658 884 822 927 respectu
856 883 1064 916 ostiolorum
1097 884 1192 917 inter
1225 882 1497 917 ramificationes
1528 885 1808 918 occurrentium.

235 952 301 985 Est
326 951 478 994 exigua,
508 954 544 982 et
568 949 805 993 reperiuntur
830 949 974 982 nonnifi
996 949 1196 994 fragmenta
1222 949 1243 982 6
1270 949 1383 982 lineas
1408 949 1493 983 lata.

231 1082 267 1115 5.
319 1081 511 1125 Retepora
537 1084 736 1122 truncata,
764 1089 895 1112 GoLDF.
922 1089 960 1122 p.
987 1089 1048 1122 29.
1077 1078 1169 1111 Tab.
1197 1078 1264 1114 IX.
1287 1078 1346 1123 fig.
1379 1079 1435 1112 14.
1464 1079 1592 1112 abed.

228 1149 279 1181 R.
305 1147 466 1189 ramosa,
495 1146 606 1178 ramis
632 1144 904 1186 terminalibus,
944 1143 1160 1188 simplicibus
1176 1169 1188 1188 ,
1214 1145 1363 1178 ramulis
1397 1144 1550 1178 distichis
1576 1145 1758 1188 secundi53
1786 1147 1870 1191 api-

182 1212 283 1246 cibus
309 1212 511 1254 truncatis,
539 1210 688 1255 porofis.

232 1277 374 1311 Fosfilis
408 1277 596 1311 invenitur
636 1275 674 1307 in
706 1274 822 1306 stratis
849 1273 1190 1307 arenoso-calcareis
1225 1276 1356 1308 montis
1388 1274 1439 1308 St.
1464 1275 1565 1308 Petri
1591 1287 1708 1321 prope
1732 1275 1869 1310 Maas-

179 1343 307 1376 triclzt.
1172 1379 1174 1381 .

232 1407 314 1452 Obss
367 1407 500 1440 Utrum
537 1406 624 1438 haec
656 1403 788 1449 species
827 1403 870 1436 fit
897 1403 1090 1447 Retepora
1122 1404 1160 1436 in
1199 1404 1348 1437 dubium
1385 1407 1509 1438 vocari
1533 1412 1662 1449 potest.
1716 1407 1874 1450 Reperi-

181 1478 293 1507 untur
330 1470 576 1505 tantummodo
617 1469 818 1514 fragmenta
875 1468 948 1501 fine
979 1468 1116 1512 magnis
1145 1469 1255 1501 ramis
1285 1469 1545 1512 ulterioribus,
1572 1470 1593 1502 4
1622 1475 1687 1503 aut
1711 1471 1734 1503 5
1763 1471 1873 1505 lineas

179 1539 298 1582 longa.
362 1536 507 1569 Ramuli
543 1536 605 1580 qui
647 1546 692 1569 ex
735 1534 862 1568 maiori
906 1545 1008 1567 ramo
1053 1533 1250 1566 nascuntur
1297 1534 1448 1567 mediam
1487 1534 1561 1568 fere
1591 1535 1705 1569 lineae
1730 1542 1872 1580 partem

179 1602 403 1648 longitudine
454 1601 682 1646 adaequant,
732 1600 832 1644 saepe
866 1601 905 1632 in
946 1599 1090 1632 modum
1133 1597 1352 1643 papillarum
1397 1599 1435 1632 in
1471 1598 1690 1644 superficiem
1732 1602 1870 1646 porife-

182 1682 260 1704 ram
289 1669 514 1703 abeuntium.

227 1802 263 1835 4.
313 1801 504 1844 Retepora
530 1798 707 1843 disticha,
734 1808 867 1831 GOLDF.
894 1809 932 1841 p.
960 1807 1018 1841 29.
1048 1796 1142 1830 Tab.
1167 1797 1235 1830 IX.
1265 1795 1320 1842 fig.
1352 1798 1407 1831 15.
1434 1798 1541 1831 a—h.
1574 1817 1578 1820 ⁴

230 1867 276 1899 R.
313 1866 449 1899 ramosa
502 1864 570 1908 (Ἰ),
615 1863 765 1897 ramulis
814 1862 1111 1905 subdichotomis‚
1156 1863 1255 1908 poris
1294 1863 1442 1896 alterius
1477 1864 1597 1896 lateris
1631 1864 1777 1909 oblique
1812 1867 1869 1901 vel

182 1931 410 1966 transverfim
450 1930 609 1972 seriatis,
645 1929 820 1971 distichis,
854 1927 1041 1962 tubulofis.

229 1997 371 2030 Fosfilis
407 1996 593 2029 invenitur
627 1996 664 2028 in
700 1994 814 2028 [tratis
847 1994 978 2027 montis
1019 1993 1073 2026 St.
1106 1993 1206 2026 Petri
1237 2005 1353 2038 prope
1381 1994 1630 2029 Macestriclat.

236 2062 320 2107 Obs.
373 2061 472 2094 Haec
498 2061 628 2104 species
653 2059 838 2093 dubitandi
862 2060 1018 2093 rationes
1045 2059 1098 2091 uti
1122 2058 1191 2092 alia
1215 2060 1379 2103 exhibet,
1407 2060 1491 2104 quia
1516 2061 1657 2093 nonnifi
1680 2061 1865 2106 fragmen..

182 2134 218 2161 ta
245 2134 280 2160 et
307 2127 448 2172 quidem
478 2127 614 2161 diversa
640 2127 884 2170 reperiuntur.
936 2125 980 2157 In
1009 2123 1222 2169 quibusdam
1250 2126 1333 2169 pori
1359 2125 1604 2169 disponuntur
1629 2126 1865 2171 regulariter,

182 2205 247 2238 per
284 2193 434 2226 laminas
471 2191 755 2234 transversales,
795 2190 1012 2232 circulares,
1053 2196 1088 2222 et
1126 2189 1277 2223 formam
1304 2190 1528 2233 virgularum
1556 2196 1735 2225 rectarum
1760 2204 1869 2236 prae—

182 2259 293 2299 bent5
330 2259 366 2291 in
404 2259 481 2291 aliis
517 2269 603 2292 vero
639 2258 719 2301 pori
746 2261 947 2291 occurrunt
971 2256 1010 2289 in
1036 2256 1183 2289 tumulis
1208 2256 1361 2290 iunctim
1387 2256 1426 2288 in
1450 2256 1588 2290 duabus
1614 2256 1867 2301 superficiebus

179 2323 360 2368 polyparii
398 2324 466 2357 five
503 2324 593 2356 rami
629 2323 808 2368 principis
847 2321 1128 2367 divergentibus.
1194 2321 1354 2354 Tandem
1392 2323 1562 2365 quaedam
1599 2324 1862 2367 reperiuntur,

183 2400 337 2434 quarum
362 2389 443 2432 pori
469 2389 704 2432 perforantur
729 2390 766 2422 in
793 2388 973 2423 varicibus
999 2386 1255 2430 circularibus,
1281 2387 1343 2431 qui
1364 2387 1587 2420 circumdant
1607 2399 1768 2431 ramum,
1795 2389 1864 2422 sese

179 2456 216 2487 in
254 2453 376 2499 anguli
410 2454 553 2487 modum
588 2454 793 2499 replicando
832 2454 1025 2489 seeundum
1054 2454 1186 2488 lineam
1225 2453 1495 2487 determinatam
1520 2454 1558 2487 in
1588 2452 1772 2498 superficie
1798 2465 1868 2498 po-

180 2520 322 2565 lyparii.
