2024 3022
432 233 712 269 RESPONSIO
751 246 799 270 An
836 234 1213 279 QUAESTIONEM
1251 225 1605 271 ZOOLOGICAM.
1817 237 1863 271 55

220 349 304 395 Ohs.
359 349 493 384 Ostiola
537 350 753 395 Celleporae
795 353 973 385 dentatae
1022 352 1214 386 circularia
1259 352 1401 395 essent,
1445 352 1512 385 nifi
1546 356 1704 396 quatuor
1738 352 1858 396 exigui

166 417 289 449 dentes
323 428 447 450 eorum
482 416 661 451 orificium
694 417 876 462 angustius
915 419 1131 461 redderent,
1165 420 1214 452 ita
1246 424 1289 453 ut
1326 430 1370 452 ex
1399 419 1442 452 iis
1478 423 1668 463 aperturas
1704 423 1861 462 quatuor

164 483 256 517 lobis
288 483 406 517 crucis
433 483 543 516 instar
574 484 753 528 praeditas
786 484 952 519 efficiant.

212 617 247 650 5.
300 615 497 660 Cellepora
521 615 775 660 crustulenta,
816 628 946 652 GOLDF.
975 629 1011 661 p.
1038 628 1097 661 27.
1130 617 1223 651 Tab.
1252 617 1319 651 IX.
1342 616 1398 662 fig.
1425 618 1461 651 6.
1490 618 1556 651 ab.

215 683 258 715 C.
286 682 511 724 incrustans,
537 682 753 726 explanata,
783 683 922 716 cellulis
953 684 1150 727 immerfis,
1187 684 1317 718 ostiolis
1347 684 1748 729 subquincuncialibus,
1781 684 1853 717 dif-

163 748 342 782 formibus
359 772 370 790 ,
408 747 577 780 minimis.

212 814 352 847 Fosfilis
385 815 570 848 invenitur
601 814 636 846 in
671 813 788 847 stratis
822 815 955 847 montis
987 814 1041 848 St.
1066 814 1166 848 Petri
1188 827 1305 860 prope
1327 814 1575 849 Maastriclzt.

217 880 303 925 Obs.
356 880 456 913 Haeo
496 881 626 924 specles
653 881 782 924 gaudet
807 880 939 913 ostiolis
964 893 987 914 a
1012 882 1047 914 se
1072 881 1226 915 invicem
1253 881 1354 914 valde
1379 881 1613 925 distantibus,
1641 883 1716 916 sere
1741 883 1862 915 omni-

163 948 228 980 bus
257 947 595 991 quadrilateralibus
628 948 729 991 saepe
763 947 957 992 paululum
992 948 1036 980 ad
1074 948 1260 981 dimidium
1297 948 1544 993 coangustatiS.

210 1080 245 1113 6.
299 1079 493 1122 Cellepora
517 1079 760 1123 bipanctaca,
788 1089 919 1113 GOLDF.
943 1092 982 1124 p.
1012 1089 1071 1123 27.
1092 1078 1186 1112 Tab.
1213 1078 1282 1113 lX.
1306 1078 1367 1124 fig.
1397 1091 1432 1124 7.

210 1145 251 1179 C.
275 1145 465 1190 explanata
479 1169 490 1188 ,
517 1144 740 1188 incrustans,
765 1143 906 1178 cellulis
932 1145 1071 1187 ovatis,
1100 1145 1276 1189 contiguis
1285 1170 1296 1188 ,
1323 1145 1576 1190 verticalibus,
1604 1147 1763 1192 ἕψει-ὕες
1785 1147 1852 1182 ba-

161 1211 187 1244 fi
213 1212 385 1256 apiceque
410 1211 639 1245 transverfim
665 1210 908 1254 bipunctatis3
945 1210 1077 1244 ostiolis
1112 1211 1275 1245 ovalibus
1291 1236 1302 1254 ,
1332 1213 1555 1257 marginatis.

209 1277 352 1310 Fosfilis
382 1277 570 1310 invenitur
602 1277 640 1308 in
676 1276 794 1309 stratis
825 1277 956 1309 montis
983 1276 1036 1309 St.
1065 1276 1167 1309 Petri
1194 1288 1311 1321 prope
1337 1276 1587 1312 Mnastricht.

212 1341 297 1387 Obs.
351 1341 483 1374 Ostiola
522 1341 638 1376 ovah'a
677 1343 873 1387 cinguntur
907 1342 1065 1386 margine
1091 1342 1275 1386 elliptico,
1314 1344 1375 1387 qui
1403 1356 1485 1377 cum
1512 1344 1684 1380 fimih'bus
1709 1346 1854 1381 iunctus

161 1412 320 1451 quatuor
356 1408 501 1451 punctis
537 1408 632 1438 inter
670 1406 692 1437 6
733 1406 881 1439 cellulas
923 1406 1054 1449 quibus
1093 1406 1337 1440 circumdatur
1378 1408 1499 1442 locum
1525 1410 1673 1454 praebet
1705 1411 1726 1444 6
1757 1415 1858 1457 poris

157 1473 466 1519 triangularibus,
502 1472 678 1507 lateribus
699 1472 922 1506 curvilineis.
983 1473 1155 1516 Quatuor
1179 1484 1225 1506 ex
1249 1473 1306 1507 his
1336 1475 1441 1519 poris
1474 1482 1676 1511 occurrunt
1711 1479 1756 1512 ad
1788 1491 1856 1513 ex-

161 1543 358 1576 trenn'tates
391 1540 609 1584 lingularum
647 1539 859 1573 cellularum
881 1564 892 1583 ,
921 1550 941 1573 2
971 1539 1015 1572 ab
1049 1545 1206 1584 utroque
1240 1539 1380 1584 latere3
1414 1552 1435 1575 2
1463 1542 1526 1576 alii
1560 1543 1645 1578 funt
1677 1545 1852 1581 laterales.

211 1674 302 1708 XIII
327 1673 452 1706 Genus
484 1682 696 1715 RETEPORA,
724 1685 759 1706 L.

207 1738 451 1784 Polyparium
490 1738 741 1782 frondescens,
781 1738 1173 1773 reticulato-ramorum
1198 1745 1262 1775 aut
1287 1741 1503 1776 reticulatim
1528 1743 1716 1788 pertusum
1726 1756 1738 1786 3
1775 1745 1851 1778 cel-

160 1806 256 1839 lulae
286 1805 566 1850 lapidefcentes‚
595 1803 726 1839 ostiolis
751 1804 1040 1838 unilateralibus.

209 1870 444 1915 Reteporites
469 1875 566 1903 auct.

215 2013 245 2037 1.
295 2003 487 2046 Retepora
513 2001 730 2047 clathrata,
763 2013 894 2038 coLnF.
931 2013 990 2048 29.
1019 2003 1111 2038 Tab.
1130 2003 1199 2037 IX.
1224 2003 1282 2049 fig.
1309 2015 1367 2040 12;
1386 2005 1485 2039 a-f,

213 2069 258 2103 R.
285 2068 481 2111 clathrata,
519 2069 791 2112 cyathiformis,
826 2068 1145 2104 ramificationibus
1190 2071 1334 2104 interne
1362 2072 1533 2106 carinatis
1565 2074 1737 2118 porisque
1771 2088 1853 2109 cre-

162 2135 262 2177 bris,
297 2134 446 2167 minutis
477 2134 521 2167 ad
554 2136 697 2169 carinae
735 2134 849 2168 latera
882 2135 1090 2179 impresfis,
1124 2137 1274 2170 maculis
1304 2138 1498 2172 rhombeis.

208 2200 267 2234 An
293 2199 491 2246 Gorgone,
519 2211 619 2235 FAux.
646 2213 696 2235 ST.
726 2212 821 2234 Foxn
843 2201 928 2235 hist.
949 2201 1097 2249 nat5de
1116 2201 1152 2234 la
1171 2207 1286 2236 mont.
1315 2202 1367 2238 St.
1395 2204 1522 2238 Pierre
1548 2205 1641 2240 Tab.
1668 2207 1852 2243 XXXIX.

157 2266 215 2311 fig.
243 2266 291 2299 3?

210 2331 354 2365 Fosfilis
381 2332 569 2366 invenitur
604 2334 640 2367 in
678 2333 796 2367 stratis
832 2335 963 2368 montis
993 2333 1047 2370 St.
1079 2335 1181 2369 Petri
1212 2346 1327 2381 prope
1374 2336 1622 2374 Maastricht.

216 2398 301 2443 Obs.
353 2397 453 2431 Haec
481 2399 694 2443 Retepora,
735 2400 821 2433 dum
849 2400 973 2434 faciem
1006 2402 1191 2446 videmus,
1231 2401 1447 2448 Gergouiae
1478 2405 1597 2439 fimilis
1622 2407 1722 2442 nobis
1750 2410 1850 2444 vide-

160 2470 234 2499 tur,
284 2463 413 2498 Nelcio
443 2469 566 2498 utrum
592 2466 664 2510 ipsi
689 2466 878 2500 referenda
903 2467 944 2500 fit
970 2466 1163 2513 Gorgonia
1187 2469 1241 2503 Cl.
1266 2480 1419 2513 FAUIAS,
1454 2482 1562 2516 quam
1583 2473 1691 2507 talem
1714 2475 1754 2508 in
1777 2476 1845 2508 hoc

162 2541 290 2576 genere
317 2529 491 2576 descripsi.
547 2531 728 2576 Quoniam
760 2533 816 2567 Cl.
851 2543 984 2569 mmm
1012 2535 1106 2570 latus
1139 2536 1326 2571 internum
1355 2536 1654 2574 ramificationum
1678 2551 1752 2574 non
1776 2541 1843 2574 de—
