2024 3022
425 190 709 227 RESPONsm
747 201 798 227 An
837 189 1210 238 QUAESTIONEM
1241 177 1598 226 zo6L0G1cAM.
1815 191 1865 225 41·

163 306 247 338 dum
280 305 465 351 elongatae
492 312 528 341 et
552 306 719 351 gracilis,
756 306 982 341 latitudinem
1008 307 1108 352 digiti
1132 305 1358 351 longitudine
1382 305 1614 350 adaequans;
1640 304 1763 338 insecti
1787 316 1857 339 an·-

158 376 304 405 tennam
338 373 513 408 imitatur.
574 373 718 406 Constat
758 372 922 406 articulis
966 372 1226 406 tubiformibus
1265 372 1418 406 invicem
1444 371 1508 405 fibi
1531 371 1672 405 insertis
1697 371 1858 416 margine

160 438 345 483 superiore
373 439 588 483 perforato,
620 439 720 484 poris
751 439 913 484 margine
945 439 1115 473 circulari
1149 438 1394 472 circumdatis.

209 580 266 604 ιο.
320 569 525 616 Ceriopora
550 571 812 616 quadrc'pora,
843 570 972 605 Nobis.

209 637 250 671 C.
277 637 440 682 elongata
455 661 465 681 ,
497 637 722 682 subclavata,
752 637 825 671 basi
850 638 1027 680 incurva,
1055 636 1242 672 verticillis
1264 646 1439 680 pororum
1462 634 1720 680 quadratorum
1737 659 1747 679 ,
1769 634 1852 680 sep-

159 709 196 737 to
226 703 355 737 lineari
389 703 641 747 longitudinali
667 704 948 749 bipartitorum,
977 703 1142 746 elevatis,
1169 701 1454 748 approximatis,
1482 700 1678 745 annulata,
1704 700 1857 746 rugoso-

155 769 358 815 granulata.

206 835 288 870 Vid.
316 835 408 869 Tab.
435 835 491 870 XI
516 835 748 869 Individuum
775 835 917 869 duobus
942 835 1122 869 diametris
1159 840 1322 868 auctum.

203 901 262 935 Ex
287 901 416 935 Museo
447 902 559 935 Dom.
590 901 689 935 illust
694 925 804 936 .....

205 967 456 1012 Archetypum
487 968 688 1002 calcareum
721 968 837 1002 fosfile
870 968 1055 1003 invenitur
1090 968 1127 1000 in
1164 967 1310 1012 regione
1338 965 1590 1008 Groningana.

210 1032 294 1078 Obs.
346 1032 447 1067 Haec
473 1034 604 1078 species
637 1033 751 1078 duplo
789 1034 903 1066 maior
933 1039 969 1067 et
998 1033 1130 1066 sortior
1162 1037 1217 1066 est
1242 1031 1356 1077 specie
1388 1031 1521 1064 montis
1554 1029 1608 1063 St.
1629 1028 1758 1073 Petri,
1783 1040 1855 1062 no-

158 1100 252 1132 mine
280 1098 504 1144 Cerioporae
530 1099 781 1133 verticillatae
806 1097 986 1144 designata
1019 1098 1180 1144 (GoLDF.)
1197 1122 1208 1141 ,
1245 1095 1403 1142 quacum
1431 1101 1552 1130 tamen
1579 1095 1769 1129 maximam
1807 1094 1856 1128 fi-

157 1165 394 1199 miiitudinem
439 1164 559 1198 habet.
619 1163 757 1197 Annuli
792 1163 857 1196 alti
902 1163 984 1196 sunt
1018 1163 1108 1196 duas
1146 1168 1211 1196 aut
1240 1168 1313 1196 tres
1348 1162 1485 1205 lineas,
1513 1162 1654 1205 conici,
1683 1161 1745 1194 alii
1777 1160 1858 1193 aliis

156 1231 303 1275 inserti,
333 1230 496 1264 instructi
525 1231 571 1263 ad
606 1231 804 1274 marginem
834 1229 1056 1273 superiorem
1092 1228 1180 1261 serie
1215 1239 1391 1273 pororum
1425 1227 1734 1272 compressorum,
1763 1236 1859 1271 qua-

157 1297 342 1330 dratorum
367 1320 379 1340 ,
427 1301 464 1330 et
510 1296 550 1329 in
603 1296 740 1329 sensum
790 1295 954 1328 diametri
1001 1294 1248 1330 transversalis
1295 1293 1478 1339 polyparii
1521 1293 1639 1338 ipsius
1683 1292 1723 1325 in
1769 1291 1860 1325 duas

157 1363 324 1408 aequales
354 1367 477 1407 partes
505 1362 713 1396 divisorum.

207 1504 265 1526 ιι.
321 1490 527 1536 Ceriopora
541 1490 704 1537 spiratis
729 1500 861 1524 GOLDF.
898 1501 937 1535 p.
964 1490 1026 1524 36.
1062 1488 1156 1524 Tab.
1182 1489 1251 1524 XI.
1274 1488 1336 1534 fig.
1361 1500 1396 1523 2.
1417 1488 1485 1523 ab.

206 1560 248 1594 C.
284 1559 512 1601 dichotoma,
561 1557 781 1601 cylindrica,
826 1555 1005 1602 spiraliter
1044 1561 1236 1600 contorta,
1276 1555 1377 1601 poris
1414 1554 1530 1590 ovatis
1566 1552 1788 1600 maioribus,
1820 1555 1861 1590 in

158 1628 258 1673 gyris
289 1625 437 1661 elevatis
471 1623 688 1668 conspicuis.

205 1693 315 1727 Fini.
351 1703 405 1725 sT.
440 1701 549 1725 FOND.
597 1690 683 1724 hist.
713 1693 790 1722 nat.
823 1689 866 1722 de
899 1688 933 1722 la
968 1692 1082 1721 mont.
1119 1687 1174 1721 St.
1209 1686 1335 1721 Pierre
1367 1698 1405 1732 p.
1444 1696 1526 1731 192.
1564 1686 1658 1722 Tab.
1696 1687 1862 1723 XXXV.'

158 1758 216 1805 fig.
255 1770 277 1803 9
307 1763 342 1791 et
382 1768 439 1791 10.

207 1824 349 1858 Fosfilis
377 1822 566 1857 invenitur
597 1821 634 1854 in
668 1821 785 1855 stratis
821 1819 1164 1855 arenoso-cretaoeis
1198 1819 1336 1854 Montis
1362 1819 1415 1854 St.
1449 1819 1551 1854 Petri
1580 1831 1696 1866 prope
1726 1819 1861 1855 Maus-

161 1890 290 1924 triclzt.

211 1955 296 2001 Obs.
348 1955 389 1988 In
416 1953 533 1999 figura
571 1965 593 1987 a
627 1952 684 1987 cl.
722 1962 853 1986 FAmAs
884 1951 1067 1995 exhibita,
1108 1951 1191 1996 pori
1226 1951 1288 1995 qui
1324 1951 1475 1996 cingunt
1507 1952 1620 1997 spiras
1650 1952 1737 1987 sunt
1767 1965 1862 1999 qua-

160 2023 279 2066 drati,
312 2021 429 2066 quod,
460 2019 539 2054 mea
572 2019 694 2054 saltem
730 2017 926 2062 sententia,
968 2029 1043 2051 non
1073 2017 1199 2052 sufficit
1231 2022 1273 2051 ut
1303 2018 1388 2051 inde
1417 2018 1551 2064 species
1584 2018 1746 2053 distincta
1779 2031 1863 2053 con-

159 2088 338 2122 stituatur.
400 2088 527 2120 Cetera
566 2086 686 2119 omnia
727 2085 872 2118 criteria
909 2084 1044 2129 optime
1077 2083 1123 2117 ad
1155 2083 1381 2119 individuum
1416 2097 1438 2119 a
1476 2096 1607 2120 rAurAs
1641 2087 1862 2133 descriptum

161 2154 386 2188 referuntur.
453 2152 520 2185 Est
558 2152 692 2196 species
731 2150 999 2195 pulcherrima,
1038 2149 1206 2195 pollicem
1246 2154 1282 2184 et
1317 2150 1400 2195 plus
1436 2152 1542 2186 etiam
1574 2152 1681 2198 longa
1699 2176 1711 2196 ,
1751 2153 1789 2187 in
1824 2153 1861 2189 se

162 2222 276 2266 ipsam
309 2219 495 2253 columnae
524 2216 632 2251 instar
665 2221 842 2251 contorta.

217 2362 274 2386 12.
331 2350 536 2396 Ceriopora
555 2349 750 2395 pustulosa
778 2359 909 2386 Gotnr.
943 2360 982 2393 p.
1015 2350 1077 2393 57.
1117 2347 1208 2383 Tab.
1241 2347 1310 2382 XI.
1345 2348 1404 2394 fig.
1435 2351 1473 2386 5.
1511 2349 1580 2384 ab.

213 2419 254 2453 C.
292 2418 454 2460 clavata,
490 2421 680 2460 truncata,
717 2415 872 2460 porosa,
906 2415 1005 2460 poris
1038 2415 1075 2450 in
1114 2415 1215 2461 apice
1248 2416 1418 2451 confertis
1430 2442 1441 2461 ,
1479 2418 1516 2451 in
1554 2418 1667 2452 latere
1700 2419 1866 2462 remotis,

162 2482 374 2530 pustulofis,
411 2482 592 2528 spiraliter
630 2480 822 2527 dispofitis.

1601 2550 1622 2582 6
