2024 3022
170 253 215 277 20
509 232 698 274 CAROLI
733 235 987 272 FRANCISCI
1024 231 1242 269 ANTONII
1275 232 1496 268 MORREN

174 356 316 401 pifem,
351 354 388 388 in
422 354 511 388 ficco
537 352 749 398 spongiosa,
782 349 934 395 porosa,
961 346 1146 391 friabilis,
1171 346 1305 381 oscula
1329 344 1540 381 cellularum
1563 344 1606 379 ad
1624 342 1844 390 superficiem

173 420 351 465 insculpta
383 419 440 453 vel
475 416 683 463 prominula
712 414 817 460 gerit.

221 484 424 519 Tentacula
449 483 470 516 8
498 483 665 518 vivorum
691 479 932 524 Polyporum.

221 551 278 584 Cf.
306 559 500 592 LAMARCK,
525 547 648 580 Anim.
674 546 701 579 Γ.
727 549 816 580 vert.
843 549 932 577 tom.
952 541 999 578 ΙΙ.
1021 555 1060 588 p.
1084 543 1167 576 510.

225 691 256 714 1.
310 678 504 724 Gor-gorzia
518 676 719 721 flabellum
742 686 829 710 LAM.

225 746 274 779 G.
313 744 574 787 ramofisfima,
614 741 822 775 flabellatim
869 739 1121 785 complanata,
1171 737 1384 781 reticulata5
1419 738 1567 772 ramulis
1609 736 1855 779 creberrimis,

175 810 474 855 subcompresfis,
504 807 781 842 coalescentibus
791 818 803 848 3
830 806 962 840 osculis
997 803 1153 838 minimis
1191 804 1331 849 sparsis.

223 879 321 912 LAM.
354 877 462 910 anim.
494 875 520 909 Γ.
552 874 687 908 verteb.
723 878 810 907 tom.
842 872 890 905 ΙΙ.
923 883 960 916 p.
993 872 1082 904 515.

224 943 408 986 Gorgonia
439 940 618 974 flabellum
650 950 749 973 LINN.

227 1007 479 1052 Ceratoplzyte
514 1006 649 1040 couche'
682 1005 707 1038 ὰ
734 1005 834 1049 plat.
866 1009 968 1038 FAUfi
996 1013 1049 1036 sT.
1077 1012 1172 1035 FOND
1197 1001 1280 1036 hist.
1305 1006 1380 1035 nat.
1408 1000 1503 1034 dela
1523 1004 1636 1035 mont.
1662 999 1713 1032 St.
1736 999 1859 1033 Pierre

173 1087 211 1118 p.
237 1085 322 1108 202.
349 1073 443 1108 Tab.
463 1071 643 1105 XXXIX.
669 1069 730 1115 fig.
753 1071 789 1102 5.

222 1140 364 1174 Fosfilis
399 1138 583 1174 invenitur
615 1137 655 1169 in
684 1134 866 1169 montibus
905 1133 1074 1167 cretaceis
1101 1142 1218 1177 prope
1258 1129 1509 1164 Mammam.-

227 1205 312 1250 Obs.
365 1204 466 1238 Haec
493 1202 706 1246 Gorgoniae
729 1200 860 1245 species
895 1198 1156 1232 accuratisfime
1182 1198 1219 1230 in
1250 1207 1360 1241 opere
1383 1206 1543 1232 mmmsn
1565 1194 1764 1237 delineata,
1797 1194 1856 1227 ni-

173 1271 223 1304 hil
257 1270 353 1304 aliud
384 1274 503 1314 potest
534 1268 606 1301 esse
640 1277 746 1310 quam
778 1265 825 1299 G.
846 1259 1046 1307 flab'ellzcm
1074 1267 1291 1304 auctorum,
1336 1272 1427 1305 quae
1468 1261 1586 1294 nostro
1615 1260 1730 1294 adhuc
1763 1265 1856 1292 tem-

172 1348 262 1381 pore
296 1336 332 1368 in
379 1333 537 1367 maribus
568 1331 671 1366 vivit.
733 1328 877 1362 Mirum
910 1327 996 1361 mihi
1034 1327 1174 1362 videtur
1205 1325 1259 1359 Cl.
1295 1335 1476 1358 GOLDFUSS
1512 1326 1549 1358 in
1577 1335 1686 1370 opere
1715 1325 1856 1358 laudato

174 1413 249 1434 eam
283 1411 356 1434 non
387 1398 522 1432 citasse.

222 1542 256 1563 2.
309 1526 502 1572 Gorgonia
531 1523 725 1558 bacillaris
756 1532 889 1556 comm.
925 1534 963 1566 p.
1002 1532 1057 1565 19.
1088 1520 1180 1554 Tab.
1218 1519 1303 1553 VH.
1336 1519 1398 1563 fig.'
1431 1520 1569 1554 5—16.-

224 1596 273 1629 G.
300 1591 624 1633 umbellaeformis,
667 1589 776 1622 radiis
816 1586 1031 1632 simplicibus
1073 1585 1255 1631 profunde
1292 1585 1508 1628 trisulcatis‚
1543 1587 1649 1619 costis
1677 1587 1851 1632 didymis‚

180 1660 370 1694 trabeculis
405 1657 636 1698 lateralibus,
671 1654 784 1696 raris,
819 1654 913 1686 inter
946 1653 980 1686 se
1013 1652 1168 1694 iunctis,
1206 1649 1338 1683 ostiolis
1379 1650 1513 1684 crebris
1546 1652 1701 1695 seriatis,
1736 1664 1857 1696 punc—-

177 1725 402 1767 tiformibus,
437 1724 571 1757 cortice
603 1721 752 1755 foliaceo
784 1719 955 1753 continuo
990 1717 1180 1762 granuloso
1215 1717 1332 1750 radios
1365 1707 1609 1750 connectente.

227 1791 353 1824 Partes
393 1789 512 1823 variae
543 1789 603 1822 seu
634 1786 881 1831 impressiones
915 1784 1125 1826 radiorum,
1167 1782 1326 1824 crustae,
1360 1783 1451 1826 quin
1487 1787 1522 1815 et
1556 1782 1732 1816 umbellae
1765 1784 1855 1817 deli-

179 1862 334 1890 neantur
368 1856 404 1888 in
440 1866 550 1899 opere
585 1862 795 1887 GOLDFUSSH
819 1857 855 1884 et
889 1850 986 1894 apud
1011 1859 1142 1883 FAUIAS
1170 1860 1221 1882 ετ.
1248 1859 1358 1882 FoND.
1411 1847 1501 1882 Tab.
1525 1847 1706 1881 XXXVI.
1735 1847 1793 1893 fig.
1823 1861 1856 1892 7.

181 1927 284 1968 (quae
319 1923 484 1967 congruit
515 1932 596 1954 cum
627 1919 685 1964 fig.
714 1929 770 1951 12.
791 1926 1003 1950 GOLDFUSSH
1023 1914 1117 1949 Tab.
1138 1913 1238 1957 VII.)
1260 1913 1351 1948 Tab.
1374 1913 1479 1948 XLI.
1507 1912 1562 1958 fig·
1593 1924 1626 1947 1.
1648 1914 1752 1958 (quae
1771 1926 1860 1948 con—

178 1991 275 2034 gruit
306 2001 388 2022 cum
418 1987 539 2033 figuris
570 1987 611 2019 15
636 1991 671 2018 et
696 1985 751 2019 14.
776 1982 867 2016 Tab.
893 1981 979 2015 VII.
1002 1979 1227 2023 GOLDFUSSII)
1252 1984 1320 2012 etc.

226 2055 369 2089 Fosfilis
400 2053 586 2088 invenitur
615 2052 653 2085 in
690 2049 873 2084 montibus
902 2047 1070 2082 cretaceis
1098 2057 1214 2091 prope
1236 2045 1482 2079 Maastriclzt.

232 2121 317 2167 Obs.
368 2118 619 2164 Impresfiones
646 2122 682 2150 et
709 2117 931 2161 petrefacta,
966 2124 1057 2158 quae
1086 2113 1150 2147 hac
1182 2111 1395 2157 Gergouiae
1417 2111 1530 2156 specie
1563 2111 1766 2146 formantur
1783 2123 1859 2146 nu-

181 2198 279 2220 mero
307 2183 446 2218 infinita
470 2184 577 2225 funt,
613 2183 638 2215 fi
666 2181 771 2214 fidem
799 2180 990 2214 habeamus
1022 2177 1330 2213 observationibus
1363 2189 1384 2209 a
1416 2176 1471 2209 Cl.
1507 2187 1687 2211 GOLDFUss
1716 2176 1859 2211 institu—

181 2254 238 2286 tis.
301 2251 434 2285 Omnes
479 2248 609 2294 species
650 2247 956 2292 Polypariorum,
1004 2255 1094 2289 quae
1140 2242 1231 2276 Tab.
1270 2241 1372 2275 XLI.
1408 2241 1599 2276 delineavit
1633 2242 1689 2275 Cl.
1730 2252 1860 2276 FAUIAS

143 2341 147 2345 -
184 2320 256 2362 (op.
288 2316 356 2360 1.),
382 2315 470 2348 nihil
492 2314 589 2348 aliud
608 2313 722 2347 essent
744 2324 851 2357 quam
874 2311 1041 2345 sectiones
1064 2308 1286 2344 transversae
1309 2307 1601 2352 Gorgoniarum,
1624 2306 1679 2341 uti
1701 2307 1860 2342 indicant

180 2382 317 2427 figurae
352 2381 392 2413 15
437 2385 472 2412 et
508 2380 565 2412 14.
602 2379 694 2412 Tab.
732 2377 817 2412 VII.
855 2377 974 2422 operis
1017 2383 1306 2418 GoLDEussme,
1349 2384 1439 2418 quae
1477 2372 1614 2418 optime
1656 2377 1860 2417 congruunt

182 2461 263 2484 cum
291 2447 349 2493 fig.
388 2458 420 2480 1.
454 2444 545 2480 Tab.
578 2444 681 2479 XLI.
717 2444 771 2479 CI.
807 2453 952 2483 FAU1As2
