2024 3022
426 237 713 276 RESPONSIO
748 247 797 279 m
832 234 1203 284 QUAEsTmNEM
1224 224 1601 273 zoomfflcAM.
1835 248 1859 285 ⁷

153 357 226 401 dit,
257 354 355 401 quod
387 354 553 389 materies
590 364 722 388 cornea
758 353 898 399 vestigia
930 354 966 388 in
999 353 1229 388 substantiam
1259 352 1425 397 mollem,
1460 362 1533 398 qua
1564 351 1743 388 inclusum
1775 361 1853 389 erat

155 422 312 466 animal,
343 421 532 467 impressit.
582 421 624 454 In
645 426 801 465 utroque
825 420 906 454 casu
929 419 1109 453 difficilius
1134 420 1230 453 dictu
1250 426 1328 462 est,
1360 420 1403 452 ad
1426 419 1608 464 quodnam
1629 430 1741 465 genus
1768 420 1851 465 spe-

152 491 221 524 cies
247 489 335 524 adeo
360 488 524 523 mutilata
559 487 768 533 pertineat,
800 498 910 532 quam
945 486 984 519 in
1017 487 1135 531 primo
1170 486 1275 529 casu,
1308 485 1347 519 in
1388 497 1460 530 quo
1488 492 1609 531 partes
1634 496 1759 520 omnes
1783 486 1853 520 sal-

151 566 217 591 vae
254 561 290 591 et
326 556 485 600 integrae
533 553 680 588 relictae
709 553 874 587 suerunt.
937 553 1086 587 Interna
1114 552 1225 597 igitur
1258 551 1439 586 structura
1467 553 1706 597 quorumdam
1741 554 1851 598 poly-

151 622 341 668 pariorum
373 624 540 654 accurate
572 624 627 654 est
663 618 930 665 investiganda,
960 623 1002 653 ut
1030 618 1094 653 illa
1124 629 1217 663 quae
1239 618 1343 652 hodie
1370 618 1408 651 in
1442 617 1557 653 stratis
1580 618 1707 654 nostris
1729 619 1852 654 defos-

152 688 186 720 sa
224 689 341 722 iacent·
378 685 493 731 probe
520 685 656 731 possint
688 685 858 731 dignosci.
912 685 1026 731 Saepe
1054 685 1195 719 nonnifi
1225 683 1408 729 vestigium
1441 684 1625 730 polyparii
1659 686 1849 728 remansit,

155 752 267 788 massa
306 763 379 798 qua
415 750 595 786 constabat
626 750 828 794 destructa,
864 750 1035 795 illiusque
1070 748 1253 794 vestigium
1282 748 1354 784 five
1386 754 1579 783 externam
1615 756 1692 794 est,
1731 752 1755 784 fi
1790 752 1852 783 ni-

150 819 284 853 mirum
328 817 519 853 substantia
556 818 615 851 cui
655 817 788 851 animal
823 816 1003 861 adhaesit,
1041 814 1243 861 superficiei
1278 816 1467 849 exterioris
1498 815 1664 849 animalis
1696 816 1847 850 formam

150 886 296 928 induit,
337 884 408 920 five
454 885 667 927 internum,
708 883 851 928 quando
889 893 909 916 e
950 887 1077 916 contra
1118 881 1309 916 substantia
1342 882 1471 928 rupis,
1498 881 1560 916 ubi
1591 882 1703 916 iacuit
1740 885 1852 928 poly-

151 952 293 995 parium
311 976 322 995 ‚
348 951 421 986 vim
455 950 621 984 exercuit
656 949 693 982 in
728 947 951 993 superficiem
985 947 1150 982 animalis
1169 948 1403 992 interiorem,
1426 949 1497 983 five
1515 947 1662 983 stratum
1683 950 1759 983 eius
1782 962 1850 983 ex-

151 1022 297 1051 ternum
327 1015 548 1050 destructum
577 1014 690 1048 fuerit
716 1025 783 1048 nec
808 1025 865 1048 ne.
919 1013 1091 1058 Denique
1117 1014 1307 1059 aliquoties
1335 1015 1424 1048 nihil
1445 1014 1510 1048 ῃίΓι
1537 1014 1720 1060 vestigium
1743 1027 1852 1061 repe—-

147 1083 245 1117 ritur
283 1082 355 1118 five
403 1081 493 1116 basis
538 1080 610 1127 qua
661 1080 895 1126 polyparium
944 1077 1100 1114 adfixum
1141 1080 1338 1124 haerebat,
1381 1080 1452 1115 five
1500 1080 1642 1125 vestigia
1687 1083 1851 1116 sectionis

149 1149 398 1184 transversalis
434 1149 514 1183 eius
555 1147 718 1193 corporis
764 1153 829 1181 aut
869 1158 1081 1191 ramorum,
1118 1158 1183 1181 nec
1221 1148 1357 1193 aliquid
1395 1147 1507 1181 refert
1543 1154 1670 1182 utrum
1708 1148 1745 1181 hi
1785 1150 1853 1182 lint

151 1215 286 1261 integri
321 1215 379 1249 vel
422 1214 595 1259 perfracti
611 1226 622 1256 5
657 1213 787 1247 scilicet
827 1219 951 1247 utrum
989 1213 1094 1247 sectio
1121 1218 1186 1247 aut
1212 1213 1396 1258 vestigium
1424 1213 1587 1247 animalis
1613 1213 1765 1259 perfecti
1794 1216 1850 1249 vel

149 1280 353 1326 imperfecti
377 1279 597 1324 reperiatur.

200 1347 271 1381 His
305 1344 473 1391 expolitis
508 1350 608 1388 patet
639 1343 897 1378 clasfificationi
929 1343 1206 1386 polypariormn
1227 1343 1397 1377 fosfilium
1423 1345 1597 1378 maximas
1621 1345 1733 1380 inesse
1755 1347 1852 1384 diffiffl·

151 1412 326 1453 cultates,
363 1420 453 1454 quas
485 1407 591 1452 sagax
628 1411 664 1440 et
702 1406 850 1452 diligens
896 1411 1049 1439 naturae
1081 1406 1258 1440 scrutator
1288 1412 1366 1441 tum
1401 1408 1546 1442 demum
1581 1413 1715 1454 poterit
1744 1414 1854 1447 tolle.-

149 1490 216 1522 re,
245 1487 358 1523 quum
406 1479 574 1509 accurate
603 1472 826 1518 perspexerit
863 1471 1077 1506 structuram
1112 1477 1300 1506 externam
1332 1472 1614 1519 polypariorum
1649 1475 1854 1515 viventium

153 1550 187 1578 et
216 1544 418 1585 internam,
446 1540 566 1575 saltem
601 1550 674 1583 quo
708 1538 752 1572 ad
784 1544 905 1584 partes
939 1538 1048 1572 duras
1076 1538 1134 1574 vel
1159 1538 1234 1573 fere
1263 1538 1396 1584 duras,
1428 1550 1520 1585 quae
1550 1540 1705 1576 formam
1727 1554 1748 1577 a
1771 1544 1851 1579 sub-

155 1608 281 1644 stantia
310 1606 414 1642 molli
451 1605 700 1639 circumdante
733 1604 896 1650 accipere
927 1609 1143 1649 potuerunt.

205 1673 437 1720 Propositum
474 1676 528 1705 est
559 1670 662 1704 nobis
694 1669 772 1704 illas
804 1670 975 1716 superare
1000 1670 1254 1716 difficultates,
1282 1683 1395 1717 quum
1436 1683 1495 1706 eas
1520 1672 1592 1718 iam
1618 1683 1851 1716 removerant

154 1739 437 1784 investigationes
473 1736 770 1782 praecedentium
810 1737 1028 1782 scriptorum
1061 1737 1104 1771 de
1140 1738 1418 1783 polypariorum
1447 1737 1738 1786 clasfificatione,
1775 1745 1852 1776 cri-

153 1806 252 1840 teriis
291 1816 335 1838 ex
361 1801 442 1849 ipsa
472 1802 735 1849 organisatione
764 1802 961 1848 desumptis
996 1801 1139 1838 innixa.
1188 1804 1382 1839 LmNAEUs
1419 1805 1620 1840 ostenderat
1640 1808 1848 1854 principia,

154 1882 246 1918 quae
276 1871 314 1905 in
349 1866 552 1903 methodica
580 1869 859 1915 polypariorum
892 1868 1061 1905 divisione
1090 1870 1173 1904 sunt·
1202 1870 1444 1916 observanda,
1480 1871 1538 1905 sed
1570 1873 1648 1906 eius
1673 1872 1848 1909 observa-

157 1944 217 1980 ta,
250 1948 317 1982 pro
346 1934 571 1981 temporibus
605 1935 736 1980 quibus
769 1935 861 1972 vixit
883 1935 1061 1981 ingentia,
1096 1936 1133 1970 iu
1154 1937 1226 1971 dies
1250 1939 1418 1972 tenuiora
1444 1937 1663 1983 evadebant,
1689 1941 1847 1976 inventis

156 2014 247 2048 quae
274 2015 296 2036 a
328 2007 480 2036 naturae
517 2001 779 2035 scrutatoribus
812 2001 944 2036 multas
973 2003 1139 2048 regiones
1170 2004 1475 2050 peragrantibu8‚
1503 2005 1686 2040 veteribus
1713 2007 1849 2042 iuven-

158 2070 202 2102 tis
234 2068 351 2103 addita
378 2068 540 2103 fuerunt.
591 2066 739 2102 Novum
770 2078 894 2102 rerum
919 2069 1082 2103 ordinem
1109 2069 1197 2104 haec
1217 2071 1381 2105 doctrina
1402 2070 1625 2117 requirebat.
1678 2072 1844 2116 Putas,

157 2145 368 2169 numerumn
393 2139 463 2170 etc.
483 2133 669 2168 scientiam
692 2134 882 2168 emendare
907 2136 1026 2169 conati
1048 2135 1131 2171 sunt
1152 2141 1187 2170 et
1209 2135 1389 2172 sactorum
1412 2139 1554 2182 copiam
1576 2138 1844 2181 exhibuerunt5

155 2201 210 2236 sed
244 2211 454 2237 LAMAchro
488 2201 568 2236 talis
599 2199 767 2236 manebat
800 2200 928 2247 gloria.
980 2201 1268 2248 Investigationes
1294 2203 1529 2248 innumerae,
1568 2215 1657 2249 quas
1689 2206 1729 2239 in
1760 2207 1844 2238 ani-

154 2267 261 2302 malia
290 2266 464 2303 vertebris
493 2266 659 2303 destituta
687 2266 914 2314 instituerat,
949 2269 1020 2315 ipsi
1040 2267 1250 2303 facultatem
1276 2268 1484 2304 tribuerunt
1506 2269 1708 2305 universam
1731 2271 1843 2317 poly-

154 2335 341 2380 pariorum
375 2332 677 2370 clasfificationem
712 2335 860 2370 omnino
893 2334 1142 2379 reformandi,
1178 2339 1213 2368 et
1254 2334 1364 2369 huius
1398 2335 1619 2370 celeberrimi
1662 2337 1731 2373 viri
1777 2343 1844 2372 (ιο-ἔ

155 2400 299 2435 natibus
340 2399 508 2435 debemus
552 2400 761 2440 divifionem*
793 2402 1033 2437 methodicam
1071 2400 1289 2447 familiarum
1330 2407 1366 2436 et
1399 2413 1594 2448 generum,
1640 2403 1774 2449 optime
1807 2409 1843 2437 et

151 2465 416 2503 accuratissime
444 2466 644 2503 stabilitam.
696 2466 932 2506 Lmonnoux
966 2467 1086 2516 postea
1118 2467 1298 2514 scientiam
1332 2468 1460 2507 ditavit
1488 2468 1655 2518 plurimis
1684 2469 1841 2506 inventis
