2024 3022
199 237 246 271 38
540 233 728 268 CAROLI
761 230 1023 266 FRANCISCI
1056 229 1273 264 ANTONII
1309 228 1528 263 MORREN

249 349 407 383 cellulae
434 348 619 381 tubulosae
638 347 693 380 vel
716 345 1030 390 subprismatieae,
1054 344 1327 390 subcontiguae,
1351 342 1543 387 parallelae
1568 341 1623 376 vel
1646 341 1882 386 divergentes.

289 414 434 447 GOLDF.
464 412 598 445 Petref.
625 424 663 455 p.
686 412 746 444 52.

248 479 461 512 Alveolt'tae
486 476 616 522 species
633 501 642 519 ,
670 486 758 509 LAM.
786 487 847 510 an.
876 477 903 509 Γ.
929 482 1022 510 vert.
1051 475 1157 509 Tom.
1184 475 1234 508 ΙΙ.

251 623 281 643 1.
340 609 543 653 Ceriopora
569 614 826 652 cryptqvmu,
853 619 984 642 GOLDF.
1013 620 1049 650 p.
1077 609 1138 640 55.
1166 606 1260 639 Tab.
1286 605 1335 638 Χ.
1365 604 1423 648 fig.
1450 604 1486 637 5.
1514 604 1618 636 a—d.

252 676 293 708 C.
329 675 593 718 polymorpha‚
632 673 1004 716 tuberofo-ramosa,
1040 674 1142 718 poris
1181 671 1337 705 minimis
1374 669 1681 713 subinconspicuis
1711 669 1885 714 inaequa—

198 741 307 773 libus„

247 807 437 840 Invenitur
463 805 588 837 fossilis
616 805 652 836 in
680 804 862 837 montibus
889 802 1228 836 arenoso-cretaceis
1257 811 1373 845 prope
1403 798 1644 832 Maastriclzt.

250 872 332 916 Olgf.
387 870 622 914 Polyparium
649 869 738 902 illud
767 869 874 902 [imile
900 874 952 901 est
977 869 1135 900 ramosae
1152 866 1396 910 Milleporae.
1451 864 1539 897 Pori
1557 865 1788 908 microscopii
1814 876 1882 908 ope

201 937 403 980 conspecti,
442 941 622 980 apparent
659 941 830 979 tanquan]
866 934 1037 977 simplicia
1075 933 1251 965 foramina
1286 930 1531 970 orbiculati-ia,
1568 930 1742 972 inermia,
1778 929 1879 963 nullo

196 1003 323 1034 ordine
362 1002 400 1034 in
437 1001 621 1046 polyparii
658 999 842 1043 superficie
877 1000 1046 1043 dispersa.
1103 998 1314 1030 Occurrunt
1347 995 1468 1038 magni
1495 995 1576 1039 pori
1600 993 1799 1027 minoribus
1824 995 1887 1028 in-

196 1068 356 1100 termixti
391 1073 427 1100 et
460 1067 590 1099 horum
625 1066 806 1109 dispofitio
842 1065 980 1098 nullam
1016 1064 1165 1110 praebet
1189 1063 1471 1107 regularitatem.
1523 1061 1707 1106 Integrum
1730 1061 1885 1106 polypu-

196 1134 293 1166 rium
318 1137 336 1174 {-
364 1131 531 1176 pollicem
557 1132 669 1164 altuni
695 1136 760 1164 est.

244 1275 277 1299 2.
329 1262 536 1306 Ceriopora
560 1262 793 1304 micropora,
824 1271 953 1293 GoLDF.
980 1271 1018 1303 p.
1044 1261 1104 1296 55.
1132 1259 1224 1292 Tab.
1250 1259 1300 1293 X.
1326 1258 1384 1303 fig.
1411 1259 1448 1292 4.
1472 1258 1577 1290 a-d.

245 1329 287 1361 C.
315 1327 507 1369 tuberosa‚
536 1327 636 1370 poris
662 1326 820 1358 minimis
845 1324 1057 1369 aequalibus
1085 1324 1303 1370 conspicuis.

243 1393 435 1427 Invenitur
470 1391 596 1425 fosfilis
632 1392 669 1423 in
704 1390 820 1423 stratis
855 1391 990 1422 montis
1025 1390 1077 1425 St.
1103 1391 1205 1423 Petri
1233 1395 1268 1422 et
1293 1391 1330 1421 in
1357 1389 1726 1432 arenosmmargaoeis
1751 1389 1813 1422 W
1808 1395 1885 1423 est-

202 1458 354 1492 ffzaliae.

188 1471 205 1503 I
244 1524 329 1569 Ol3s.
382 1523 481 1555 Haec
515 1521 648 1566 species
690 1519 793 1552 etiam
848 1518 1075 1562 M'illeporae
1119 1523 1172 1551 est
1213 1519 1402 1553 fimillima.
1458 1519 1549 1552 Pori
1581 1520 1792 1564 regulariter
1825 1521 1886 1553 ia-

194 1597 276 1624 cent
315 1590 504 1624 stratorum
550 1586 859 1620 concentricorum
910 1584 1041 1627 instar,
1085 1589 1121 1616 et
1166 1584 1406 1627 microscopio
1455 1585 1635 1628 conspecti
1666 1586 1777 1619 oculis
1814 1587 1882 1620 sese

194 1657 365 1690 exhibent
396 1660 569 1698 tanquam
605 1651 783 1684 foramina
816 1649 1002 1694 aequalia,
1039 1649 1243 1693 regularia,
1282 1649 1519 1693 amplitudine
1556 1650 1702 1695 eadem,
1731 1651 1886 1686 invicem

193 1721 435 1755 adhaerentia.

242 1853 279 1886 5.
333 1851 537 1894 Ceriopora
563 1849 851 1893 anomnlqpora,
880 1859 1011 1881 GoLDF.
1039 1859 1077 1891 p.
1102 1847 1163 1879 55.
1191 1844 1283 1878 Tab.
1311 1846 1360 1879 X.
1386 1846 1443 1891 fig.
1471 1848 1506 1880 5.
1534 1848 1640 1880 a-d-

244 1918 285 1951 C.
313 1916 578 1962 polymorpha,
614 1915 713 1959 poris
745 1913 939 1946 maioribus
966 1912 1188 1954 subseriatss,
1225 1911 1428 1945 minoribus
1468 1911 1792 1957 subinconspicuis,
1823 1914 1886 1947 in-

196 1983 392 2027 tersperfis.

245 2049 434 2083 Invenitur
463 2046 590 2080 fosfilis
635 2046 673 2078 in
713 2044 829 2077 stratis
876 2044 1008 2078 montis
1048 2043 1100 2077 St.
1145 2043 1245 2077 Petri
1285 2054 1401 2089 prope
1444 2042 1679 2076 Maastriclzt
1708 2049 1744 2076 et
1774 2043 1883 2088 Cipb‘

197 2125 312 2158 prope
344 2112 493 2146 Montes
526 2110 830 2145 Hannoniomm.
1878 2086 1883 2091 ι

253 2180 337 2224 Ohs.
391 2179 484 2212 Illud
519 2177 755 2221 Polyparium
791 2180 846 2209 est
879 2175 1135 2219 explanatum,
1176 2176 1280 2219 saepe
1315 2174 1488 2216 divisum,
1527 2175 1775 2218 magnitudine
1802 2175 1883 2209 exi-

198 2246 279 2291 gmi.
338 2245 425 2277 Pori
461 2244 669 2288 regulares;
716 2243 776 2276 alii
811 2242 930 2286 magni
973 2241 1215 2285 orbiculares,
1253 2241 1387 2285 optimo
1425 2240 1548 2273 ordine
1586 2241 1774 2285 disposui,
1801 2252 1881 2275 me—

197 2312 272 2344 dios
305 2312 400 2343 inter
432 2311 590 2343 minores
630 2310 736 2342 etiam
771 2307 978 2341 circulares.
1031 2306 1150 2339 Sectio
1185 2306 1292 2339 huius
1329 2305 1517 2351 Polyparii
1543 2306 1788 2340 transversalis
1812 2317 1880 2340 ex-

197 2376 296 2410 hibet
336 2387 443 2419 poros
485 2375 729 2408 concentricos
747 2399 758 2418 ,
791 2373 1012 2407 orbiculares
1046 2372 1090 2405 ad
1126 2377 1290 2406 centrum
1307 2398 1317 2416 ,
1349 2373 1394 2405 ad
1432 2371 1758 2406 circumferentiam
1793 2382 1879 2407 wero

201 2441 357 2477 ovalium
383 2440 491 2473 instar
517 2440 710 2484 elongatus.
764 2439 807 2473 In
837 2438 1032 2473 individuis
1063 2439 1139 2484 agri
1168 2438 1336 2483 Ciplyani
1375 2438 1620 2474 animadverto
1644 2447 1793 2481 magnos
1817 2448 1881 2475 οῖς
