2024 3022
419 201 696 238 RESPONSIO
735 212 782 235 AD
822 199 1191 246 QUAESTIONEM
1236 186 1587 235 ZOO‘LOGICAM.
1799 200 1845 232 55

157 318 350 352 obducitur
388 319 488 363 rugis
526 316 869 362 longitudinalibus‚
904 316 959 349 uti
990 316 1027 347 in
1053 314 1220 348 omnibus
1247 315 1357 348 huius
1383 314 1524 358 generis
1550 313 1755 358 speciebus,
1784 314 1840 345 sed

158 385 277 419 ocellis
304 385 486 420 undulatis
512 384 765 430 pulcherrimis
795 382 866 428 (fig.
893 382 947 426 5.)

205 529 239 552 2.
293 517 613 563 Cyatlzoplzyllam
650 515 853 561 dianthus,
886 527 1017 549 GoLnF.
1057 514 1191 548 Petref.
1233 514 1318 547 fasc.
1356 513 1386 547 I.
1424 525 1462 557 p.
1503 512 1564 546 54.
1594 511 1658 545 N0.
1689 522 1721 545 2.
1751 510 1839 545 Tab.

157 584 262 619 XVI.
290 584 348 630 fig.
381 597 413 618 ι.
441 585 545 619 a—d.

208 652 248 684 C.
276 650 445 694 affixum,
470 650 723 694 caespitosum,
760 649 1086 694 subcylindricum,
1115 647 1243 681 cellula
1270 646 1451 679 terminali
1481 646 1536 680 vel
1572 646 1845 690 campanulato-

158 722 326 751 excavata
362 716 420 750 vel
460 721 626 749 truncata
665 728 684 748 e
719 717 814 749 disco
849 722 884 749 et
920 715 1080 760 margine
1107 713 1308 758 prolifera,
1348 712 1498 746 lamellis
1523 712 1734 756 aequalibus
1765 723 1846 744 cre-

155 782 302 816 nulatis.

206 848 266 881 Ex
291 846 420 881 Museo
451 848 562 881 Dom.
589 847 699 880 Seren
705 871 820 880 .....

206 912 454 947 Petrefactum
480 913 679 947 calcareum
706 914 890 948 invenitur
914 915 948 946 in
978 914 1121 958 regione
1147 913 1396 956 Groningana.
1690 956 1692 958 v

211 979 297 1023 Obs.
349 983 449 1015 Inter
489 979 790 1024 Cynthophylla,
827 991 920 1023 quae
956 979 1146 1022 Groninga
1180 978 1335 1011 oriunda
1369 977 1463 1018 vidi,
1514 977 1633 1019 reperi
1664 976 1846 1009 individua

166 1058 258 1092 quae
287 1047 470 1080 manifeste
503 1046 755 1080 reserebantur
782 1047 825 1079 ad
863 1047 1013 1089 speciem
1045 1056 1154 1089 quam
1190 1044 1329 1088 primus
1359 1043 1412 1077 CI.
1449 1053 1631 1075 GOLDFUss
1656 1041 1847 1085 descripsit.

164 1113 375 1147 Occurrunt
399 1112 437 1146 in
462 1112 607 1146 Eiffelia
632 1117 668 1145 et
692 1111 794 1145 nullo
820 1112 926 1145 modo
951 1110 996 1144 ab
1024 1110 1118 1153 illis,
1145 1110 1207 1154 qui
1234 1110 1270 1143 in
1297 1109 1423 1143 nostris
1452 1107 1655 1152 regionibus
1675 1107 1823 1140 veniunt
1841 1133 1849 1145 ,

161 1179 344 1215 differunt.

209 1314 246 1346 3.
303 1310 625 1355 Cyatlzoplzyllum
659 1308 945 1354 marginatum,
975 1318 1168 1342 GOLDFUSS.
1203 1306 1339 1340 Petref.
1378 1306 1465 1340 fasc.
1505 1306 1533 1338 Ι.
1567 1317 1603 1350 p.
1634 1306 1694 1339 55.
1722 1305 1786 1339 N0.
1816 1308 1850 1339 4.

162 1377 256 1412 Tab.
284 1377 388 1412 XVI.
415 1376 474 1421 fig.
502 1377 539 1410 5.

207 1444 254 1479 Ο.
290 1442 542 1485 turbinatam,
579 1442 797 1484 incurvum,
839 1440 1035 1482 radicans,
1075 1439 1205 1472 cellula
1245 1438 1427 1471 terminali
1471 1439 1855 1482 campanulato-exczi*

161 1516 265 1553 vata,
299 1511 519 1555 marginata,
553 1508 669 1542 stellae
693 1507 844 1541 lamellis
881 1506 1076 1540 crenulatis
1110 1507 1150 1539 in
1180 1510 1330 1539 externo
1362 1505 1524 1550 margine
1561 1516 1712 1547 numero
1738 1507 1856 1550 dupli-

159 1578 262 1612 catis.

207 1644 266 1678 Ex
304 1642 431 1676 Museo
466 1642 562 1675 Dom
567 1663 700 1675 ......

209 1708 455 1742 Petrefactum
483 1707 683 1740 calcar-eum
710 1706 894 1739 invenitur
920 1706 957 1738 in
984 1705 1128 1749 regione
1152 1703 1403 1748 Groningana.

215 1777 299 1822 Obs.
350 1776 433 1809 Hoc
478 1773 797 1819 Cyatlzophyllam
836 1771 978 1805 nonnisi
1014 1770 1181 1815 pollicem
1223 1775 1258 1802 et
1288 1770 1475 1804 dimidium
1507 1771 1620 1804 altum
1649 1777 1714 1804 est.
1777 1771 1855 1803 La-

162 1844 288 1878 mellae
325 1843 363 1876 in
406 1840 521 1874 stellae
560 1841 758 1885 marginem
792 1838 986 1882 replicatae
1014 1837 1058 1869 ad
1089 1841 1254 1869 centrum
1288 1836 1390 1869 nullo
1426 1848 1516 1869 cono
1547 1836 1707 1882 distincto
1740 1837 1852 1869 effor-

162 1916 257 1944 mato
294 1913 530 1953 convergunt.
584 1905 798 1940 Crenulatae
824 1904 927 1947 saepe
952 1914 1084 1947 parum
1109 1908 1301 1947 apparent.

208 2044 244 2078 4.
300 2039 617 2085 Cyathophyllum
667 2040 938 2085 caespitoficm‚
987 2050 1120 2073 GoLDF.
1159 2035 1293 2070 Petref.
1330 2036 1416 2070 fasc.
1451 2036 1482 2069 I.
1521 2048 1558 2080 p.
1596 2036 1657 2069 60.
1693 2035 1761 2068 N0.
1793 2047 1849 2070 20.

163 2108 257 2143 Tab.
283 2107 389 2141 XIX.
416 2106 473 2151 fig.
501 2117 535 2140 2.

212 2175 253 2209 C,
291 2172 521 2217 caespitosum
541 2196 553 2215 ,
599 2171 697 2204 conis
738 2171 1008 2215 divergentibus
1051 2169 1241 2214 segregatis
1284 2168 1469 2212 quaternis
1517 2168 1572 2201 vel
1617 2169 1706 2200 senis
1733 2182 1751 2201 e
1780 2170 1852 2202 lin-

166 2240 249 2285 gulo
282 2238 465 2285 proliferis
481 2262 493 2280 ‚
524 2237 652 2271 cellula
677 2237 859 2271 terminali
883 2226 1358 2282 campanulato-excavata,
1386 2234 1534 2268 lamellis
1561 2236 1757 2269 maioribus
1783 2238 1853 2269 mi-

161 2305 386 2349 noribusque
408 2303 567 2337 alternis.

211 2373 269 2405 Ex
294 2370 421 2406 Museo
446 2369 542 2402 Dom
547 2391 660 2404 .....

217 2437 463 2473 Petrefactum
490 2435 688 2468 calcareum
715 2436 901 2469 invenitur
925 2437 963 2468 in
989 2436 1132 2480 regione
1158 2435 1408 2480 Groningana.

219 2504 302 2550 Obs2
362 2502 464 2537 Haec
499 2503 656 2546 specieS‚
692 2512 782 2546 quae
817 2502 926 2535 etiam
967 2502 1124 2535 occurrit
1158 2502 1196 2533 in
1235 2500 1423 2546 provincia
1461 2502 1639 2536 montium
1674 2502 1851 2545 Boruqf-
