2024 3022
406 195 689 240 RESPONSIO
727 206 776 230 An
815 191 1186 238 QUAES'HONEM
1222 182 1579 229 zobLOGICAM.
1793 196 1840 228 45

198 380 234 414 5.
286 379 490 413 Lunulites
512 380 765 424 personum,
803 385 983 409 MUNSTER.

200 445 248 480 L.
296 431 598 490 cupulaelormis,
646 444 820 487 utrinque
863 440 968 475 sulcis
1014 439 1150 484 porofis
1191 439 1473 474 interstitialibus
1518 441 1704 486 radiatus,
1757 443 1832 476 cel—

150 511 237 545 lulis
272 511 534 545 orbicularibus
569 509 710 544 inferne
742 507 891 541 omnino
925 506 1087 551 apertis,
1119 506 1272 550 superne
1306 504 1451 538 orificiis
1489 507 1708 541 centralibus
1746 519 1837 553 per-

147 577 246 612 tufis.

196 642 248 678 L.
277 644 527 688 personulae,
568 653 698 676 GoLnF.
734 639 864 686 petref-
897 651 936 685 p.
971 639 1056 672 106.
1093 637 1157 672 N0.
1179 639 1215 671 4.
1239 637 1332 671 Tab.
1361 637 1559 673 XXXVII.
1585 638 1643 684 fig.
1671 639 1708 674 8.
1735 640 1800 676 ab.

202 708 373 742 Occurrit
410 709 646 753 archetypum
694 707 812 740 sosfile
848 707 884 739 in
924 705 1039 739 stratis
1079 704 1230 737 calcarei
1262 704 1374 748 grossi
1411 703 1679 738 Steenokerzeel
1723 717 1839 752 prope

147 774 370 809 Vilvoorden
409 775 447 806 in
483 773 715 806 Brahantia.

199 840 282 887 Obs:
336 840 390 874 Ita
433 841 602 885 persaepe
636 841 775 873 adnexa
809 844 863 872 est
902 837 989 871 haec
1016 837 1151 882 species
1182 836 1362 881 lapidibus
1395 836 1572 870 tabellatis
1605 837 1730 871 filiceis
1763 840 1840 873 cal-

150 907 244 940 carei
275 907 412 951 grosfi,
443 911 485 940 ut
519 906 666 939 minime
700 906 739 938 in
767 904 996 949 conspectum
1022 904 1144 939 veniat
1176 905 1253 937 eius
1289 903 1397 937 facies
1433 908 1584 937 externa
1616 904 1675 937 seu
1710 905 1839 939 inferi-

149 984 204 1005 or.
255 972 324 1005 Ista
360 971 508 1016 praebet
542 972 646 1005 series
671 971 884 1005 cellularum
913 970 1077 1004 radiatim
1101 970 1311 1013 dispofitas3
1346 968 1498 1002 cellulae
1527 969 1678 1003 formam
1704 971 1837 1006 habent

151 1048 391 1082 encarporum
425 1037 698 1070 semilunarium
733 1036 890 1081 quodam
920 1048 1002 1069 cum
1037 1034 1174 1068 orificio
1206 1035 1242 1068 in
1265 1035 1406 1078 medio,
1440 1035 1536 1068 inter
1564 1036 1759 1081 quamlibet
1783 1039 1840 1072 se-

147 1104 236 1137 riem
267 1103 338 1137 alia
370 1102 468 1136 adest
499 1102 711 1147 fimplicium
755 1113 841 1137 vero
877 1113 1067 1146 potorum.
1128 1101 1290 1135 Alteram
1326 1102 1371 1135 ad
1400 1100 1528 1135 faciem
1561 1103 1685 1137 eadem
1722 1104 1838 1139 existit

145 1170 348 1218 dispofitio;
371 1175 425 1203 ast
461 1169 509 1203 ibi
530 1169 680 1203 cellulae
703 1169 895 1202 admodum
918 1168 1001 1202 sunt
1024 1174 1171 1214 apertae
1193 1174 1229 1202 et
1255 1168 1369 1204 hiant.
1425 1168 1581 1214 (Species
1604 1170 1749 1214 addita.)

198 1300 291 1335 XVI
316 1300 444 1335 Genus
477 1312 699 1343 οΒΒυιῑΤΕε,
725 1310 817 1334 LAM.

198 1367 437 1411 Polyparium
468 1367 673 1411 lapideum,
700 1366 880 1408 liberum,
907 1365 1111 1399 orbiculare
1144 1367 1214 1402 five
1243 1366 1472 1410 disciformffi
1503 1368 1653 1412 planum
1690 1368 1716 1403 Γ.
1747 1374 1837 1404 (τοττι-ἑ

146 1443 296 1474 cavum,
329 1443 349 1464 e
377 1430 494 1464 stratis
523 1430 696 1464 cellulofis
727 1431 984 1475 compofitum,
1017 1431 1265 1465 Nummulitis
1303 1431 1464 1465 referens
1495 1432 1662 1468 formam.

196 1498 284 1531 Pori
321 1498 486 1539 minimi,
523 1496 700 1538 conferti,
732 1496 913 1529 interdum
943 1497 1005 1530 vix
1034 1498 1241 1543 conspicui,
1277 1498 1443 1532 radiatim
1483 1510 1503 1532 e
1529 1505 1653 1534 centro
1685 1501 1836 1547 disposi-

146 1564 202 1607 ti,
239 1564 275 1596 in
313 1569 468 1607 utraque
498 1563 628 1607 pagina
661 1563 719 1596 vel
744 1564 778 1595 in
800 1563 960 1607 margine
984 1564 1113 1608 aperti.

193 1629 294 1664 ΒΑΜ,
322 1630 431 1666 anim,
456 1630 477 1664 Γ.
502 1634 594 1662 vert.
622 1628 729 1662 Tom.
755 1627 803 1662 Il.
832 1640 868 1672 p.
900 1629 981 1672 196.

194 1694 420 1728 Orbitulites
452 1705 541 1729 ΒΑΜ.
574 1694 765 1728 secundum
804 1706 934 1730 comm.
963 1696 1023 1729 45.

193 1839 226 1862 1.
282 1827 474 1862 Orbulc’tes
502 1827 692 1870 Fauiastc‘,
724 1827 854 1861 Nobis.

196 1895 242 1928 O.
269 1894 488 1928 lentisormis
521 1893 674 1938 superne
699 1899 733 1927 et
756 1893 881 1927 subtus
906 1905 1066 1928 convexa
1081 1918 1092 1937 ,
1113 1893 1316 1927 mammillis
1341 1894 1514 1939 depresfis
1529 1919 1540 1939 ‚
1561 1896 1661 1941 poris
1685 1898 1831 1932 confer-

145 1964 189 1996 tis
229 1960 384 1994 minimis
418 1959 669 2002 circumdatis,
704 1959 887 1993 instructa.

192 2027 299 2060 Petit
328 2026 564 2071 flIillepor-ite
594 2036 695 2059 FAUI.
734 2037 785 2059 ST.
815 2037 923 2060 FOND.
956 2026 1039 2060 hist.
1077 2031 1151 2059 nat.
1184 2026 1226 2060 de
1253 2026 1287 2058 la
1324 2033 1436 2061 mont.
1467 2027 1517 2062 St,
1539 2028 1664 2063 Pierre
1685 2042 1721 2075 p.
1746 2033 1829 2066 204.

143 2092 236 2127 Tab.
272 2092 453 2126 XXXIX.
484 2091 541 2137 fig.
570 2104 605 2136 9.
631 2105 654 2125 a
678 2097 714 2126 et
741 2091 776 2126 b.

189 2158 332 2193 Fosfilis
360 2158 543 2192 invenitur
574 2159 614 2192 in
643 2158 827 2192 montibus
851 2157 1022 2191 cretae-eis
1050 2169 1165 2204 prope
1195 2158 1444 2196 Maastricht.

193 2225 278 2270 Obs.
331 2224 543 2259 Mirandum
571 2231 644 2270 est,
684 2226 779 2271 quod
809 2225 1054 2270 pulcherrima
1086 2224 1172 2258 haec
1205 2225 1341 2270 species
1369 2237 1390 2259 a
1424 2236 1556 2260 comp.
1590 2238 1663 2261 non
1699 2229 1741 2262 lit
1766 2230 1832 2264 de-

146 2292 290 2338 fignata.
339 2290 508 2324 Attamen
542 2292 677 2334 optime
708 2291 752 2324 ad
785 2291 876 2325 illud
898 2302 1011 2336 genus
1045 2291 1216 2328 refertur.
1266 2292 1340 2336 Ipsi
1366 2304 1495 2326 nomen
1514 2293 1624 2328 tribui
1642 2294 1837 2330 celeberri—

147 2358 197 2392 mi
224 2356 318 2399 viri,
351 2355 414 2400 qui
447 2356 588 2400 primus
623 2357 785 2390 omnium
819 2357 912 2391 hanc
940 2357 1112 2391 detexisse
1141 2357 1298 2391 videtur.

200 2487 313 2523 XVII
345 2487 472 2522 Genus
499 2497 698 2533 Aouucm,
729 2498 819 2523 mm.
