2024 3022
416 190 696 228 RESPONSIO
734 202 784 228 An
823 190 1199 240 QUAEsTmNEM
1231 178 1594 229 ΖοόιοαῑοΑΜ.
1812 196 1858 239 7³

154 313 219 351 per
260 304 450 341 intervalla
492 307 785 344 disseminantur.
842 308 941 343 Tubi
976 307 1052 342 fere
1083 308 1224 353 semper
1257 307 1302 340 ad
1335 305 1504 340 nucleum
1540 306 1692 342 solidum
1723 309 1854 343 termi-

155 377 302 407 uantur.
357 373 474 408 Etiam
514 375 703 410 invenitur
732 376 769 409 in
797 375 957 410 calcareo
992 375 1203 409 transitorio
1242 373 1417 409 Eiffcliae.

198 504 232 538 5.
290 504 544 551 Calamopora
574 506 756 552 basaltica
779 531 801 553 ,ν
827 518 959 541 comp.
990 506 1128 541 Petref.
1160 518 1198 551 p.
1233 506 1293 551 ¹78.
1320 504 1412 540 Tab.
1431 502 1579 540 XXVI.
1606 502 1664 550 fig.
1691 504 1724 540 4.
1747 507 1855 540 a—d.

203 572 245 607 C.
273 572 460 616 tuberosa,
496 571 592 607 tubis
629 575 803 618 utrinque
832 574 1056 619 prismaticis
1087 571 1355 616 divergentibus
1393 570 1604 615 aequalibus
1638 570 1696 605 vel
1729 572 1854 605 mino-

152 637 252 672 ribus
285 639 530 684 interpofifis,
567 640 829 684 dissepimentis
865 640 984 686 planis
1019 639 1218 682 confertis,
1248 637 1347 682 poris
1377 636 1729 671 communicantibus
1767 639 1855 671 uni-

153 705 340 738 ferialibus
374 706 417 738 ad
450 706 565 739 latera
593 706 785 751 dispofitis.

203 771 390 805 Invenitur
409 771 536 805 fossilis
560 771 597 805 in
620 773 768 818 regione
795 771 1054 819 Groningana.

205 836 290 882 Ohs.
342 837 443 871 Haec
474 839 605 882 species
634 850 727 884 quae
753 839 901 874 inventa
928 840 997 873 suit
1021 840 1058 872 in
1080 838 1247 872 Amerina
1274 836 1568 881 septentrionali,
1600 836 1637 870 in
1665 835 1851 870 Gothlan-

151 903 210 936 dia
244 909 280 936 et
316 903 486 948 Eiffelia,
511 905 618 938 etiam
654 907 813 939 occurrit
832 906 869 939 in
889 906 1029 940 viciniis
1062 904 1286 948 Groningae.
1341 902 1461 936 Facile
1480 902 1709 947 distinguitur
1728 903 1851 948 poris,

152 970 216 1013 qui
246 970 388 1004 unicam
421 971 552 1006 lineam
583 972 745 1006 efficiunt
769 972 930 1017 qualibet
954 973 991 1006 in
1010 971 1100 1005 facie
1127 970 1220 1004 tubi.
1273 968 1413 1003 Massae
1435 969 1519 1002 sunt
1543 968 1743 1014 saepissime
1768 968 1849 1014 glo-

150 1036 293 1071 bularcs
322 1043 358 1070 et
391 1037 468 1071 tubi
498 1038 604 1083 pleni·
637 1038 890 1073 inveniuntur.

194 1171 232 1205 4.
289 1169 543 1215 Calamopora
565 1170 849 1215 polymorpka,
882 1180 1014 1205 comp.
1052 1167 1190 1203 Petref.
1222 1179 1260 1213 p.
1300 1179 1360 1213 79.
1396 1166 1463 1201 N0.
1498 1168 1536 1202 6.
1569 1166 1663 1201 Tab.
1690 1167 1855 1202 XXVII.

148 1235 207 1281 fig·
229 1237 337 1271 2-—5-
364 1248 440 1271 Var-
463 1254 497 1272 α.
518 1241 554 1282 β.
582 1253 614 1283 7-
639 1242 669 1272 ὁ.

197 1303 238 1338 C.
273 1302 438 1336 tuberosa
469 1303 526 1338 vel
560 1303 726 1348 ramosa,
752 1303 850 1338 tubis
878 1309 984 1338 extus
1018 1300 1264 1348 prismaticis,
1296 1300 1396 1333 intus
1429 1299 1657 1345 cylindricis,
1698 1300 1852 1344 dissepi-

145 1368 276 1402 mentis
301 1369 418 1414 planis
455 1369 556 1413 poris
591 1369 946 1403 communicantibus
986 1368 1135 1402 alternis
1169 1367 1226 1413 (ad
1245 1367 1359 1401 latera
1378 1366 1556 1411 dispofitis
1571 1367 1600 1412 ?)

196 1445 274 1469 var.
302 1451 336 1470 α.
363 1435 529 1469 tuberosa
544 1458 556 1479 ,
579 1434 675 1468 tubis
697 1434 895 1468 maioribus
920 1439 957 1467 et
982 1434 1171 1479 elongatis·

301 1505 336 1546 β.
366 1501 698 1535 tuberoso—ramosa
712 1525 723 1545 ,
748 1499 844 1535 tubis
867 1499 1069 1535 minoribus
1091 1497 1299 1545 gracilibus.·

296 1584 330 1613 y.
356 1567 715 1602 ramoso-divaricata
731 1591 743 1611 ‚
770 1566 870 1601 tubis
895 1564 1096 1599 obconicis.

296 1639 328 1670 ὃ.
355 1633 523 1679 gracilis,
550 1634 659 1667 ramis
684 1633 880 1679 gracilibus
910 1631 1102 1677 elongatis.

193 1700 362 1748 Astro'ite
398 1700 570 1746 ramffie',
601 1711 729 1735 cumr.
759 1700 827 1735 111.
847 1711 886 1745 p.
909 1700 994 1744 5¹7-
1021 1697 1070 1732 ΙΙ.
1097 1694 1193 1732 Tab.
1219 1697 1266 1741 5,
1292 1695 1329 1732 6.
1351 1695 1410 1743 fig.
1436 1697 1549 1732 9—6.

188 1769 352 1815 Fungite
376 1766 751 1813 infundibulc'forme,
788 1766 904 1801 eiusd.
928 1765 977 1800 11.
999 1764 1093 1799 Tab.
1122 1775 1157 1809 9.
1183 1762 1242 1810 fig.
1267 1773 1328 1799 12·
1350 1763 1418 1798 ΠΙ.
1447 1775 1488 1810 p.
1515 1763 1600 1798 240.

187 1835 396 1871 Alveolites
421 1834 742 1879 madreporacecz,
768 1843 860 1868 LAM.
887 1832 936 1867 11.
963 1844 1003 1878 p.
1031 1831 1116 1866 186.

187 1900 473 1946 Madreporites
504 1899 746 1944 corniger-us,
780 1910 952 1934 scamus,
987 1897 1123 1933 Petref.
1155 1905 1197 1943 ps
1245 1897 1329 1934 565.

186 1967 442 2013 Milleporites
465 1967 720 2012 celleporatus
739 1991 750 2010 ,
778 1967 894 2001 eiusd.
922 1977 963 2012 p.
991 1965 1078 2000 565.

451 2033 718 2080 polyforatus,
746 2033 859 2067 eiusd.
887 2046 926 2079 p.
952 2032 1038 2067 565.
1067 2036 1136 2066 etc.
1162 2035 1231 2065 etc.

189 2101 403 2145 Invenitur,
437 2101 648 2146 praesertim
674 2099 740 2135 sub
770 2098 887 2135 forma
912 2099 1096 2136 varietatis
1131 2102 1163 2134 ὃ.
1196 2097 1236 2131 in
1263 2095 1426 2132 calcareo
1452 2095 1677 2132 transitionis
1699 2095 1844 2133 Namu-

138 2168 233 2203 renfi
256 2173 293 2201 et
317 2166 641 2212 Luxemburgenfi.

194 2233 282 2279 Obs.
330 2234 431 2267 Inter
458 2233 656 2278 Polyparia
686 2233 777 2267 haec
807 2231 940 2279 species
973 2242 1084 2267 verus
1120 2235 1176 2265 est
1212 2230 1394 2272 Proteus;
1425 2228 1619 2264 admodum
1652 2229 1749 2264 enim
1775 2240 1844 2265 va-

141 2301 240 2335 riant
275 2300 434 2342 sormae5
463 2300 561 2333 hisce
591 2300 632 2334 in
664 2299 921 2345 speciminibus
947 2299 1051 2333 unica
1078 2302 1221 2332 tantum
1243 2296 1454 2332 observatur
1476 2296 1583 2330 series
1605 2295 1752 2331 linearis
1772 2308 1844 2342 po-

139 2377 267 2401 rorum
307 2366 643 2400 communicationis
680 2365 877 2411 quamlibet
906 2366 950 2399 ad
987 2364 1159 2399 tuborum
1188 2362 1342 2408 faciem,
1379 2362 1450 2396 illis
1485 2367 1608 2397 autem
1641 2363 1679 2396 in
1705 2362 1843 2396 indivi-

141 2433 221 2467 duis
262 2433 301 2467 in
347 2432 481 2478 quibus
517 2432 597 2466 tubi
637 2444 658 2466 e
691 2433 838 2477 fiphone
867 2432 1038 2467 axiformi
1070 2431 1169 2478 quafi
1200 2430 1423 2474 nascuntur,
1462 2429 1556 2464 duae
1583 2420 1700 2463 series'
1721 2428 1834 2462 alter-

142 2504 270 2534 nantes
313 2500 550 2535 animadverti
590 2499 772 2536 videntur.
836 2499 1002 2535 varietas
1052 2503 1074 2535 ὃ
1115 2497 1372 2546 perfectissimo
1412 2497 1517 2531 icone
1548 2496 1587 2530 in
1630 2504 1740 2540 opere
1771 2493 1836 2528 cel·

1552 2572 1595 2595 10
