2024 3022
534 616 1500 685 DESCRIPTIO

348 786 864 832 CORALLIORUM
895 787 1276 832 FOSSILIUM
1309 789 1383 832 IN
1415 787 1682 833 BELGIO

753 867 1275 910 REPERTORUM.

575 1230 1460 1284 PROOEMIUM.

170 1374 408 1453 Antequam
447 1403 699 1450 systematicam
733 1404 1007 1459 descriptionem
1045 1404 1244 1450 specierum
1284 1405 1569 1451 Polypariorum
1607 1410 1718 1444 variis
1755 1413 1870 1459 Belgii

173 1476 252 1509 solis
286 1473 543 1518 propriorum,
570 1472 695 1506 lectori
723 1471 977 1515 exhibeamus,
1004 1482 1026 1505 a
1057 1471 1242 1517 propofito
1272 1470 1443 1506 aberrare
1476 1473 1704 1520 videbimur,
1730 1478 1756 1512 Ii
1794 1490 1869 1513 non

171 1544 291 1586 ipsum
334 1539 521 1573 certiorem
556 1537 753 1582 faciamus,
804 1548 872 1571 cur
908 1538 1056 1572 nomine
1099 1537 1354 1572 Coralliorum
1387 1538 1597 1575 divisionem
1631 1542 1871 1589 Ροζγροναηι

175 1606 453 1651 C‹›ralligenum
483 1604 554 1638 five
580 1603 909 1648 Lithoplzytorum
941 1604 1118 1648 integram
1150 1603 1309 1649 amplexi
1343 1605 1488 1649 sumus3
1523 1608 1683 1652 etenim,
1707 1611 1762 1644 uti
1789 1611 1867 1644 Na—

170 1679 274 1706 turae
301 1672 516 1705 scrutatores
547 1670 656 1714 vulgo
688 1668 920 1714 intelligunt,
963 1670 1120 1704 Corallia
1149 1681 1263 1704 unum
1291 1673 1538 1706 tantummodo
1570 1685 1683 1719 genus
1713 1677 1754 1710 in
1784 1683 1870 1711 tan-

174 1745 210 1771 ta
247 1739 416 1771 divifione
454 1736 701 1778 constituunt,
749 1736 838 1781 quin
873 1726 978 1770 etiam
1011 1747 1125 1783 genus
1159 1736 1248 1771 illud
1282 1737 1495 1782 speciebus,
1535 1739 1714 1776 sosfilibus
1754 1753 1867 1787 prae-

174 1807 318 1847 sertim,
354 1815 494 1849 pauper
528 1808 594 1836 est.
658 1801 695 1834 Si
734 1802 864 1837 horum
903 1803 1124 1838 solummodo
1155 1802 1385 1849 descriptioni
1416 1804 1725 1852 incubuissemus‚
1764 1808 1866 1843 labor

174 1871 373 1903 academico
403 1869 599 1903 certamine
630 1869 777 1901 omnino
811 1868 980 1914 indignus
1018 1869 1205 1912 evalisset3
1239 1876 1328 1904 tunc
1361 1881 1448 1905 vero
1486 1871 1629 1907 demum
1661 1885 1757 1919 opus
1796 1886 1868 1908 no-

173 1938 282 1969 strum
325 1935 527 1969 universam
569 1934 759 1968 utilitatem
808 1940 844 1968 et
893 1936 1120 1969 commodum
1169 1934 1427 1980 praestiturum
1473 1938 1545 1972 esse
1588 1939 1792 1984 credimus,
1842 1943 1867 1974 sl

173 2002 327 2046 quaestio
369 2001 468 2035 sensu
503 2000 621 2034 latiori
654 2005 951 2044 pertractaretur.
1003 2001 1086 2036 Tau
1123 2001 1227 2034 modo
1263 2001 1369 2036 nobis
1403 2004 1580 2048 agendum
1611 2006 1684 2040 esse
1718 2007 1866 2041 videba—

172 2078 243 2103 tur.
298 2069 349 2101 Ut
380 2070 501 2112 itaque
536 2073 732 2113 appareat,
772 2068 953 2112 quomodo
993 2073 1092 2101 certa
1127 2066 1279 2112 quadarn
1313 2068 1378 2102 sub
1411 2070 1639 2115 conditione,
1670 2072 1865 2117 quaestioa

170 2137 340 2169 facultate
382 2134 588 2179 proposita,
625 2134 926 2179 quemadmodum
951 2132 1102 2167 fecimus
1132 2134 1366 2178 interpretari
1395 2135 1532 2180 possit,
1571 2148 1679 2182 quam
1711 2140 1864 2183 paucis-

171 2203 264 2235 limis
298 2201 415 2235 verbis
440 2199 619 2234 historiam
652 2199 934 2246 Polypariorum
965 2199 1002 2233 in
1036 2209 1166 2245 genere
1196 2203 1232 2232 et
1257 2199 1495 2236 Coralliorum
1528 2203 1677 2248 proprie
1709 2203 1754 2238 fic
1785 2205 1864 2239 dic-

167 2275 288 2301 torum
314 2277 484 2300 enarrare
519 2266 669 2301 iuvabit.

220 2334 370 2368 Veteres
408 2332 567 2366 Naturae
601 2333 818 2367 scrutatores
852 2332 998 2367 nomine
1028 2331 1305 2375 Cot-alliorum,
1341 2331 1686 2379 ffladrepororum,
1720 2336 1859 2371 Litho-

162 2401 371 2448 phytoram
402 2399 565 2433 universe
588 2398 817 2443 designarunt
843 2398 1110 2433 multitudinem
1137 2398 1276 2432 entium
1297 2399 1439 2444 organis
1461 2400 1707 2446 praeditorum
1725 2427 1736 2446 ‚
1765 2415 1856 2448 quae

166 2468 210 2500 ad
251 2471 429 2504 extremas
473 2465 644 2502 serierum
685 2466 930 2501 animantium
966 2465 1153 2501 divisiones
1184 2465 1429 2511 pertinebant.
1495 2467 1608 2502 Hisce
1642 2469 1856 2509 animalibus
