<?xml version="1.0" encoding="UTF-8"?>
<!DOCTYPE html PUBLIC "-//W3C//DTD XHTML 1.0 Transitional//EN"
    "http://www.w3.org/TR/xhtml1/DTD/xhtml1-transitional.dtd">
<html xmlns="http://www.w3.org/1999/xhtml" xml:lang="en" lang="en">
 <head>
  <title>
</title>
<meta http-equiv="Content-Type" content="text/html;charset=utf-8" />
  <meta name='ocr-system' content='tesseract 3.04.00' />
  <meta name='ocr-capabilities' content='ocr_page ocr_carea ocr_par ocr_line ocrx_word'/>
</head>
<body>
  <div class='ocr_page' id='page_1' title='image "./descriptiocorall00morr_0022.png"; bbox 0 0 2024 3022; ppageno 0'>
   <div class='ocr_carea' id='block_1_1' title="bbox 192 239 1526 286">
    <p class='ocr_par' dir='ltr' id='par_1_1' title="bbox 192 239 1526 286">
     <span class='ocr_line' id='line_1_1' title="bbox 192 239 1526 286; baseline -0.006 0"><span class='ocrx_word' id='word_1_1' title='bbox 192 255 235 286; x_wconf 77' lang='lat'><strong>18</strong></span> <span class='ocrx_word' id='word_1_2' title='bbox 536 243 722 282; x_wconf 83' lang='lat' dir='ltr'><strong>CAROLI</strong></span> <span class='ocrx_word' id='word_1_3' title='bbox 758 240 1015 277; x_wconf 83' lang='lat' dir='ltr'><strong>FRANCISCI</strong></span> <span class='ocrx_word' id='word_1_4' title='bbox 1050 239 1267 276; x_wconf 87' lang='lat' dir='ltr'><strong>ANTONII</strong></span> <span class='ocrx_word' id='word_1_5' title='bbox 1302 241 1526 278; x_wconf 87' lang='lat' dir='ltr'>MORREN</span> 
     </span>
    </p>
   </div>
   <div class='ocr_carea' id='block_1_2' title="bbox 182 354 1873 1388">
    <p class='ocr_par' dir='ltr' id='par_1_2' title="bbox 191 354 1872 476">
     <span class='ocr_line' id='line_1_2' title="bbox 238 354 1872 408; baseline 0 -11"><span class='ocrx_word' id='word_1_6' title='bbox 238 365 292 399; x_wconf 88' lang='lat' dir='ltr'><strong>M.</strong></span> <span class='ocrx_word' id='word_1_7' title='bbox 329 362 577 408; x_wconf 83' lang='lat' dir='ltr'><strong>cyathoideum</strong></span> <span class='ocrx_word' id='word_1_8' title='bbox 609 361 666 396; x_wconf 85' lang='lat' dir='ltr'><strong>vel</strong></span> <span class='ocrx_word' id='word_1_9' title='bbox 699 358 946 400; x_wconf 85' lang='lat' dir='ltr'><strong>dimidiatum,</strong></span> <span class='ocrx_word' id='word_1_10' title='bbox 978 354 1182 400; x_wconf 84' lang='lat' dir='ltr'><strong>subsesffle,</strong></span> <span class='ocrx_word' id='word_1_11' title='bbox 1214 356 1312 390; x_wconf 89' lang='lat' dir='ltr'><strong>intus</strong></span> <span class='ocrx_word' id='word_1_12' title='bbox 1343 356 1444 391; x_wconf 88' lang='lat' dir='ltr'>fibris</span> <span class='ocrx_word' id='word_1_13' title='bbox 1466 359 1593 404; x_wconf 87' lang='lat' dir='ltr'>crispis</span> <span class='ocrx_word' id='word_1_14' title='bbox 1623 361 1702 395; x_wconf 86' lang='lat' dir='ltr'><strong>laxe</strong></span> <span class='ocrx_word' id='word_1_15' title='bbox 1724 362 1872 397; x_wconf 86' lang='lat' dir='ltr'><strong>intrica-</strong></span> 
     </span>
     <span class='ocr_line' id='line_1_3' title="bbox 191 422 1868 476; baseline -0.002 -11"><span class='ocrx_word' id='word_1_16' title='bbox 191 433 236 465; x_wconf 90' lang='lat' dir='ltr'><strong>tis</strong></span> <span class='ocrx_word' id='word_1_17' title='bbox 271 430 461 476; x_wconf 85' lang='lat' dir='ltr'>porosum,</span> <span class='ocrx_word' id='word_1_18' title='bbox 505 433 608 461; x_wconf 83' lang='lat' dir='ltr'><strong>extus</strong></span> <span class='ocrx_word' id='word_1_19' title='bbox 641 424 739 458; x_wconf 87' lang='lat' dir='ltr'><strong>fibris</strong></span> <span class='ocrx_word' id='word_1_20' title='bbox 771 422 969 457; x_wconf 81' lang='lat' dir='ltr'>reticulatis</span> <span class='ocrx_word' id='word_1_21' title='bbox 1003 427 1039 455; x_wconf 85' lang='lat' dir='ltr'><strong>et</strong></span> <span class='ocrx_word' id='word_1_22' title='bbox 1070 423 1203 456; x_wconf 89' lang='lat' dir='ltr'><strong>osculis</strong></span> <span class='ocrx_word' id='word_1_23' title='bbox 1237 422 1618 468; x_wconf 86' lang='lat' dir='ltr'><strong>subquincuncialibus</strong></span> <span class='ocrx_word' id='word_1_24' title='bbox 1649 428 1868 464; x_wconf 81' lang='lat' dir='ltr'><strong>incrustatis.</strong></span> 
     </span>
    </p>

    <p class='ocr_par' dir='ltr' id='par_1_3' title="bbox 235 487 1594 534">
     <span class='ocr_line' id='line_1_4' title="bbox 235 487 1594 534; baseline -0.004 -3"><span class='ocrx_word' id='word_1_25' title='bbox 235 497 368 531; x_wconf 86' lang='lat' dir='ltr'><strong>Fosfile</strong></span> <span class='ocrx_word' id='word_1_26' title='bbox 404 494 591 529; x_wconf 84' lang='lat' dir='ltr'><strong>invenitur</strong></span> <span class='ocrx_word' id='word_1_27' title='bbox 617 492 656 525; x_wconf 90' lang='lat' dir='ltr'><strong>in</strong></span> <span class='ocrx_word' id='word_1_28' title='bbox 683 489 797 525; x_wconf 83' lang='lat' dir='ltr'><strong>stratis</strong></span> <span class='ocrx_word' id='word_1_29' title='bbox 818 488 963 523; x_wconf 73' lang='lat' dir='ltr'><strong>Montis</strong></span> <span class='ocrx_word' id='word_1_30' title='bbox 985 487 1042 522; x_wconf 76' lang='lat' dir='ltr'><strong>St.</strong></span> <span class='ocrx_word' id='word_1_31' title='bbox 1065 489 1180 522; x_wconf 78' lang='lat' dir='ltr'><strong>Petri</strong></span> <span class='ocrx_word' id='word_1_32' title='bbox 1206 499 1324 534; x_wconf 84' lang='lat' dir='ltr'>prope</span> <span class='ocrx_word' id='word_1_33' title='bbox 1346 488 1594 525; x_wconf 72' lang='lat' dir='ltr'><strong>Maastricht.</strong></span> 
     </span>
    </p>

    <p class='ocr_par' dir='ltr' id='par_1_4' title="bbox 182 554 1872 1131">
     <span class='ocr_line' id='line_1_5' title="bbox 240 554 1868 608; baseline 0 -14"><span class='ocrx_word' id='word_1_34' title='bbox 240 563 323 608; x_wconf 80' lang='lat' dir='ltr'><strong><em>Obs.</em></strong></span> <span class='ocrx_word' id='word_1_35' title='bbox 377 561 476 594; x_wconf 89' lang='lat' dir='ltr'><strong>Haec</strong></span> <span class='ocrx_word' id='word_1_36' title='bbox 520 560 678 604; x_wconf 87' lang='lat' dir='ltr'><strong>species,</strong></span> <span class='ocrx_word' id='word_1_37' title='bbox 712 567 804 601; x_wconf 89' lang='lat' dir='ltr'><strong>quae</strong></span> <span class='ocrx_word' id='word_1_38' title='bbox 842 556 949 588; x_wconf 86' lang='lat' dir='ltr'><strong>etiam</strong></span> <span class='ocrx_word' id='word_1_39' title='bbox 981 554 1137 588; x_wconf 88' lang='lat' dir='ltr'><strong>multum</strong></span> <span class='ocrx_word' id='word_1_40' title='bbox 1177 556 1294 589; x_wconf 81' lang='lat' dir='ltr'><strong>variat</strong></span> <span class='ocrx_word' id='word_1_41' title='bbox 1332 566 1400 600; x_wconf 89' lang='lat' dir='ltr'><strong>pro</strong></span> <span class='ocrx_word' id='word_1_42' title='bbox 1442 557 1578 592; x_wconf 81' lang='lat' dir='ltr'><strong>diversa</strong></span> <span class='ocrx_word' id='word_1_43' title='bbox 1621 563 1757 603; x_wconf 86' lang='lat' dir='ltr'><strong>aetate,</strong></span> <span class='ocrx_word' id='word_1_44' title='bbox 1793 572 1868 594; x_wconf 89' lang='lat' dir='ltr'><strong>non</strong></span> 
     </span>
     <span class='ocr_line' id='line_1_6' title="bbox 188 619 1870 670; baseline -0.004 -6"><span class='ocrx_word' id='word_1_45' title='bbox 188 636 329 664; x_wconf 84' lang='lat' dir='ltr'><strong>tantum</strong></span> <span class='ocrx_word' id='word_1_46' title='bbox 359 629 396 661; x_wconf 91' lang='lat' dir='ltr'><strong>in</strong></span> <span class='ocrx_word' id='word_1_47' title='bbox 424 624 542 660; x_wconf 69' lang='lat' dir='ltr'><strong>nostra</strong></span> <span class='ocrx_word' id='word_1_48' title='bbox 572 622 719 670; x_wconf 67' lang='lat' dir='ltr'><strong>patria,</strong></span> <span class='ocrx_word' id='word_1_49' title='bbox 754 623 811 656; x_wconf 86' lang='lat' dir='ltr'><strong>sed</strong></span> <span class='ocrx_word' id='word_1_50' title='bbox 841 621 947 655; x_wconf 89' lang='lat' dir='ltr'><strong>etiam</strong></span> <span class='ocrx_word' id='word_1_51' title='bbox 979 621 1016 654; x_wconf 89' lang='lat' dir='ltr'><strong>in</strong></span> <span class='ocrx_word' id='word_1_52' title='bbox 1052 619 1295 664; x_wconf 88' lang='lat' dir='ltr'><strong>superioribus</strong></span> <span class='ocrx_word' id='word_1_53' title='bbox 1317 620 1433 655; x_wconf 83' lang='lat' dir='ltr'><strong>stratis</strong></span> <span class='ocrx_word' id='word_1_54' title='bbox 1455 623 1712 657; x_wconf 77' lang='lat' dir='ltr'><strong>formationum</strong></span> <span class='ocrx_word' id='word_1_55' title='bbox 1734 626 1870 659; x_wconf 88' lang='lat' dir='ltr'><strong>monti—</strong></span> 
     </span>
     <span class='ocr_line' id='line_1_7' title="bbox 192 685 1869 733; baseline -0.004 -3"><span class='ocrx_word' id='word_1_56' title='bbox 192 709 252 731; x_wconf 90' lang='lat' dir='ltr'><strong>um</strong></span> <span class='ocrx_word' id='word_1_57' title='bbox 295 690 708 728; x_wconf 86' lang='lat' dir='ltr'><strong>Lithanthraciferorum</strong></span> <span class='ocrx_word' id='word_1_58' title='bbox 751 687 999 733; x_wconf 87' lang='lat' dir='ltr'><strong>Westphaliae</strong></span> <span class='ocrx_word' id='word_1_59' title='bbox 1041 686 1214 720; x_wconf 85' lang='lat' dir='ltr'><strong>occurrit.</strong></span> <span class='ocrx_word' id='word_1_60' title='bbox 1282 685 1613 722; x_wconf 83' lang='lat' dir='ltr'><strong>Animadvertimus</strong></span> <span class='ocrx_word' id='word_1_61' title='bbox 1644 694 1765 722; x_wconf 88' lang='lat' dir='ltr'><strong>autem</strong></span> <span class='ocrx_word' id='word_1_62' title='bbox 1804 691 1869 723; x_wconf 91' lang='lat' dir='ltr'><strong>cel.</strong></span> 
     </span>
     <span class='ocr_line' id='line_1_8' title="bbox 190 750 1870 802; baseline -0.007 -6"><span class='ocrx_word' id='word_1_63' title='bbox 190 772 370 796; x_wconf 73' lang='lat' dir='ltr'><strong>oomruss</strong></span> <span class='ocrx_word' id='word_1_64' title='bbox 402 760 441 792; x_wconf 85' lang='lat' dir='ltr'><strong>in</strong></span> <span class='ocrx_word' id='word_1_65' title='bbox 473 768 582 802; x_wconf 88' lang='lat' dir='ltr'><strong>opere</strong></span> <span class='ocrx_word' id='word_1_66' title='bbox 614 756 676 789; x_wconf 91' lang='lat' dir='ltr'><strong>suo</strong></span> <span class='ocrx_word' id='word_1_67' title='bbox 707 753 873 796; x_wconf 74' lang='lat' dir='ltr'><strong>laudam,</strong></span> <span class='ocrx_word' id='word_1_68' title='bbox 909 753 963 786; x_wconf 89' lang='lat' dir='ltr'><strong>bis</strong></span> <span class='ocrx_word' id='word_1_69' title='bbox 1003 750 1117 796; x_wconf 70' lang='lat' dir='ltr'><strong>figura</strong></span> <span class='ocrx_word' id='word_1_70' title='bbox 1146 761 1167 795; x_wconf 86' lang='lat'><strong><em>7</em></strong></span> <span class='ocrx_word' id='word_1_71' title='bbox 1193 761 1217 784; x_wconf 88' lang='lat' dir='ltr'><strong>a</strong></span> <span class='ocrx_word' id='word_1_72' title='bbox 1228 775 1240 795; x_wconf 92' lang='lat'>‚</span> <span class='ocrx_word' id='word_1_73' title='bbox 1263 750 1308 794; x_wconf 89' lang='lat' dir='ltr'><strong>b,</strong></span> <span class='ocrx_word' id='word_1_74' title='bbox 1348 763 1389 796; x_wconf 90' lang='lat' dir='ltr'><strong>c,</strong></span> <span class='ocrx_word' id='word_1_75' title='bbox 1417 753 1498 796; x_wconf 86' lang='lat' dir='ltr'><strong>uti,</strong></span> <span class='ocrx_word' id='word_1_76' title='bbox 1528 764 1612 787; x_wconf 87' lang='lat' dir='ltr'><strong>nam</strong></span> <span class='ocrx_word' id='word_1_77' title='bbox 1638 753 1757 798; x_wconf 88' lang='lat' dir='ltr'><strong>primo</strong></span> <span class='ocrx_word' id='word_1_78' title='bbox 1795 765 1870 787; x_wconf 87' lang='lat' dir='ltr'><strong>eam</strong></span> 
     </span>
     <span class='ocr_line' id='line_1_9' title="bbox 188 817 1870 869; baseline -0.005 -7"><span class='ocrx_word' id='word_1_79' title='bbox 188 828 310 862; x_wconf 86' lang='lat' dir='ltr'><strong>citavit</strong></span> <span class='ocrx_word' id='word_1_80' title='bbox 345 832 516 869; x_wconf 81' lang='lat' dir='ltr'><strong>tanquam</strong></span> <span class='ocrx_word' id='word_1_81' title='bbox 546 820 690 856; x_wconf 82' lang='lat' dir='ltr'><strong>Manon</strong></span> <span class='ocrx_word' id='word_1_82' title='bbox 717 818 973 864; x_wconf 77' lang='lat' dir='ltr'><strong>pulvinarium</strong></span> <span class='ocrx_word' id='word_1_83' title='bbox 1002 817 1186 860; x_wconf 85' lang='lat' dir='ltr'><strong>adultum,</strong></span> <span class='ocrx_word' id='word_1_84' title='bbox 1237 817 1362 851; x_wconf 81' lang='lat' dir='ltr'><strong>deinde</strong></span> <span class='ocrx_word' id='word_1_85' title='bbox 1406 823 1581 863; x_wconf 86' lang='lat' dir='ltr'><strong>tanquam</strong></span> <span class='ocrx_word' id='word_1_86' title='bbox 1606 818 1752 853; x_wconf 78' lang='lat' dir='ltr'><strong>Manon</strong></span> <span class='ocrx_word' id='word_1_87' title='bbox 1789 819 1870 854; x_wconf 76' lang='lat' dir='ltr'><strong>Pe-</strong></span> 
     </span>
     <span class='ocr_line' id='line_1_10' title="bbox 191 882 1872 931; baseline -0.005 -4"><span class='ocrx_word' id='word_1_88' title='bbox 191 894 311 927; x_wconf 80' lang='lat' dir='ltr'><strong>zizam</strong></span> <span class='ocrx_word' id='word_1_89' title='bbox 335 892 525 925; x_wconf 87' lang='lat' dir='ltr'><strong>iuniorem.</strong></span> <span class='ocrx_word' id='word_1_90' title='bbox 578 887 724 921; x_wconf 88' lang='lat' dir='ltr'><strong>Iamiam</strong></span> <span class='ocrx_word' id='word_1_91' title='bbox 756 885 991 931; x_wconf 82' lang='lat' dir='ltr'><strong>praecedente</strong></span> <span class='ocrx_word' id='word_1_92' title='bbox 1020 884 1121 927; x_wconf 78' lang='lat' dir='ltr'><strong>loce,</strong></span> <span class='ocrx_word' id='word_1_93' title='bbox 1152 882 1309 928; x_wconf 83' lang='lat' dir='ltr'><strong>quaestio</strong></span> <span class='ocrx_word' id='word_1_94' title='bbox 1337 883 1426 917; x_wconf 84' lang='lat' dir='ltr'><strong>mihi</strong></span> <span class='ocrx_word' id='word_1_95' title='bbox 1453 884 1524 918; x_wconf 88' lang='lat' dir='ltr'><strong>fuit</strong></span> <span class='ocrx_word' id='word_1_96' title='bbox 1551 896 1599 919; x_wconf 85' lang='lat' dir='ltr'><strong>an</strong></span> <span class='ocrx_word' id='word_1_97' title='bbox 1629 884 1774 919; x_wconf 84' lang='lat' dir='ltr'><strong>Manon</strong></span> <span class='ocrx_word' id='word_1_98' title='bbox 1796 887 1872 919; x_wconf 88' lang='lat' dir='ltr'><strong>eius</strong></span> 
     </span>
     <span class='ocr_line' id='line_1_11' title="bbox 182 948 1869 1004; baseline -0.004 -12"><span class='ocrx_word' id='word_1_99' title='bbox 182 957 442 1004; x_wconf 78' lang='lat' dir='ltr'><strong>pulvinarium</strong></span> <span class='ocrx_word' id='word_1_100' title='bbox 475 954 638 988; x_wconf 90' lang='lat' dir='ltr'><strong>adultum</strong></span> <span class='ocrx_word' id='word_1_101' title='bbox 681 952 751 986; x_wconf 85' lang='lat' dir='ltr'><strong>rite</strong></span> <span class='ocrx_word' id='word_1_102' title='bbox 785 951 943 985; x_wconf 87' lang='lat' dir='ltr'><strong>eiusdem</strong></span> <span class='ocrx_word' id='word_1_103' title='bbox 982 949 1110 995; x_wconf 88' lang='lat' dir='ltr'><strong>speciei</strong></span> <span class='ocrx_word' id='word_1_104' title='bbox 1144 948 1326 983; x_wconf 73' lang='lat' dir='ltr'><strong>Manonis</strong></span> <span class='ocrx_word' id='word_1_105' title='bbox 1354 950 1569 993; x_wconf 80' lang='lat' dir='ltr'><strong>pulvinarii</strong></span> <span class='ocrx_word' id='word_1_106' title='bbox 1609 950 1763 984; x_wconf 84' lang='lat' dir='ltr'><strong>iunioris</strong></span> <span class='ocrx_word' id='word_1_107' title='bbox 1814 952 1869 985; x_wconf 86' lang='lat' dir='ltr'><strong>fit.</strong></span> 
     </span>
     <span class='ocr_line' id='line_1_12' title="bbox 187 1015 1871 1068; baseline -0.005 -10"><span class='ocrx_word' id='word_1_108' title='bbox 187 1024 287 1058; x_wconf 89' lang='lat' dir='ltr'><strong>Haec</strong></span> <span class='ocrx_word' id='word_1_109' title='bbox 312 1022 434 1068; x_wconf 90' lang='lat' dir='ltr'><strong>opinio</strong></span> <span class='ocrx_word' id='word_1_110' title='bbox 460 1019 603 1054; x_wconf 80' lang='lat' dir='ltr'><strong>maioris</strong></span> <span class='ocrx_word' id='word_1_111' title='bbox 628 1017 802 1063; x_wconf 85' lang='lat' dir='ltr'><strong>ponderis</strong></span> <span class='ocrx_word' id='word_1_112' title='bbox 835 1017 908 1050; x_wconf 90' lang='lat' dir='ltr'><strong>esse</strong></span> <span class='ocrx_word' id='word_1_113' title='bbox 946 1015 1092 1051; x_wconf 85' lang='lat' dir='ltr'><strong>videtur</strong></span> <span class='ocrx_word' id='word_1_114' title='bbox 1121 1015 1336 1048; x_wconf 84' lang='lat' dir='ltr'><strong>transitione</strong></span> <span class='ocrx_word' id='word_1_115' title='bbox 1373 1025 1482 1059; x_wconf 84' lang='lat' dir='ltr'><strong>quam</strong></span> <span class='ocrx_word' id='word_1_116' title='bbox 1513 1025 1612 1049; x_wconf 88' lang='lat' dir='ltr'><strong>nunc</strong></span> <span class='ocrx_word' id='word_1_117' title='bbox 1650 1021 1778 1049; x_wconf 82' lang='lat' dir='ltr'><strong>auctor</strong></span> <span class='ocrx_word' id='word_1_118' title='bbox 1801 1027 1871 1050; x_wconf 89' lang='lat' dir='ltr'><strong>no—</strong></span> 
     </span>
     <span class='ocr_line' id='line_1_13' title="bbox 186 1080 1168 1131; baseline -0.007 -9"><span class='ocrx_word' id='word_1_119' title='bbox 186 1088 254 1122; x_wconf 79' lang='lat' dir='ltr'><strong>ster</strong></span> <span class='ocrx_word' id='word_1_120' title='bbox 283 1088 377 1122; x_wconf 88' lang='lat' dir='ltr'><strong>inter</strong></span> <span class='ocrx_word' id='word_1_121' title='bbox 412 1086 542 1131; x_wconf 79' lang='lat' dir='ltr'><strong>species</strong></span> <span class='ocrx_word' id='word_1_122' title='bbox 558 1109 569 1129; x_wconf 93' lang='lat'>‚</span> <span class='ocrx_word' id='word_1_123' title='bbox 602 1094 689 1129; x_wconf 87' lang='lat' dir='ltr'><strong>quas</strong></span> <span class='ocrx_word' id='word_1_124' title='bbox 720 1082 934 1125; x_wconf 83' lang='lat' dir='ltr'><strong>citavimus,</strong></span> <span class='ocrx_word' id='word_1_125' title='bbox 974 1080 1168 1115; x_wconf 85' lang='lat' dir='ltr'><strong>constituit.</strong></span> 
     </span>
    </p>

    <p class='ocr_par' dir='ltr' id='par_1_5' title="bbox 184 1143 1873 1388">
     <span class='ocr_line' id='line_1_14' title="bbox 234 1143 1870 1198; baseline -0.006 -11"><span class='ocrx_word' id='word_1_126' title='bbox 234 1154 311 1198; x_wconf 87' lang='lat' dir='ltr'><strong>Fig.</strong></span> <span class='ocrx_word' id='word_1_127' title='bbox 345 1163 377 1186; x_wconf 91' lang='lat'><strong>1.</strong></span> <span class='ocrx_word' id='word_1_128' title='bbox 410 1151 503 1185; x_wconf 85' lang='lat' dir='ltr'><strong>Tab.</strong></span> <span class='ocrx_word' id='word_1_129' title='bbox 526 1150 574 1184; x_wconf 89' lang='lat' dir='ltr'><strong>V.</strong></span> <span class='ocrx_word' id='word_1_130' title='bbox 594 1148 714 1194; x_wconf 86' lang='lat' dir='ltr'><strong>operis</strong></span> <span class='ocrx_word' id='word_1_131' title='bbox 737 1147 793 1183; x_wconf 81' lang='lat' dir='ltr'><strong>Cl.</strong></span> <span class='ocrx_word' id='word_1_132' title='bbox 817 1157 1016 1189; x_wconf 76' lang='lat' dir='ltr'><strong>GoLDFUss,</strong></span> <span class='ocrx_word' id='word_1_133' title='bbox 1040 1145 1217 1190; x_wconf 83' lang='lat' dir='ltr'><strong>specimen</strong></span> <span class='ocrx_word' id='word_1_134' title='bbox 1243 1143 1415 1178; x_wconf 86' lang='lat' dir='ltr'><strong>monstrat</strong></span> <span class='ocrx_word' id='word_1_135' title='bbox 1442 1144 1538 1189; x_wconf 90' lang='lat' dir='ltr'><strong>quod</strong></span> <span class='ocrx_word' id='word_1_136' title='bbox 1562 1144 1754 1178; x_wconf 83' lang='lat' dir='ltr'><strong>maximam</strong></span> <span class='ocrx_word' id='word_1_137' title='bbox 1779 1156 1870 1178; x_wconf 89' lang='lat' dir='ltr'><strong>ana-</strong></span> 
     </span>
     <span class='ocr_line' id='line_1_15' title="bbox 184 1209 1866 1265; baseline -0.005 -12"><span class='ocrx_word' id='word_1_138' title='bbox 184 1219 315 1265; x_wconf 80' lang='lat' dir='ltr'><strong>logiam</strong></span> <span class='ocrx_word' id='word_1_139' title='bbox 349 1217 455 1251; x_wconf 84' lang='lat' dir='ltr'><strong>offert</strong></span> <span class='ocrx_word' id='word_1_140' title='bbox 487 1227 570 1250; x_wconf 88' lang='lat' dir='ltr'><strong>cum</strong></span> <span class='ocrx_word' id='word_1_141' title='bbox 607 1216 762 1261; x_wconf 85' lang='lat' dir='ltr'><strong>quodam</strong></span> <span class='ocrx_word' id='word_1_142' title='bbox 795 1212 992 1258; x_wconf 78' lang='lat' dir='ltr'><strong>Polypario</strong></span> <span class='ocrx_word' id='word_1_143' title='bbox 1017 1222 1039 1243; x_wconf 89' lang='lat' dir='ltr'><strong>a</strong></span> <span class='ocrx_word' id='word_1_144' title='bbox 1068 1210 1123 1244; x_wconf 87' lang='lat' dir='ltr'><strong>CI.</strong></span> <span class='ocrx_word' id='word_1_145' title='bbox 1148 1220 1279 1243; x_wconf 75' lang='lat' dir='ltr'>FAUIAS</span> <span class='ocrx_word' id='word_1_146' title='bbox 1303 1210 1446 1244; x_wconf 80' lang='lat' dir='ltr'><strong>laudato</strong></span> <span class='ocrx_word' id='word_1_147' title='bbox 1474 1209 1586 1254; x_wconf 84' lang='lat' dir='ltr'><strong>(Hist.</strong></span> <span class='ocrx_word' id='word_1_148' title='bbox 1619 1210 1720 1243; x_wconf 88' lang='lat' dir='ltr'><strong>dela</strong></span> <span class='ocrx_word' id='word_1_149' title='bbox 1747 1216 1866 1244; x_wconf 76' lang='lat' dir='ltr'><strong>mont.v</strong></span> 
     </span>
     <span class='ocr_line' id='line_1_16' title="bbox 186 1273 1873 1325; baseline -0.007 -5"><span class='ocrx_word' id='word_1_150' title='bbox 186 1287 240 1320; x_wconf 87' lang='lat' dir='ltr'><strong>St.</strong></span> <span class='ocrx_word' id='word_1_151' title='bbox 265 1285 389 1319; x_wconf 87' lang='lat' dir='ltr'><strong>Pierre</strong></span> <span class='ocrx_word' id='word_1_152' title='bbox 423 1282 517 1316; x_wconf 81' lang='lat' dir='ltr'><strong>Tab.</strong></span> <span class='ocrx_word' id='word_1_153' title='bbox 554 1282 615 1314; x_wconf 85' lang='lat'><strong>55.</strong></span> <span class='ocrx_word' id='word_1_154' title='bbox 647 1293 730 1325; x_wconf 89' lang='lat' dir='ltr'><strong>pag.</strong></span> <span class='ocrx_word' id='word_1_155' title='bbox 765 1280 853 1322; x_wconf 88' lang='lat'><strong>78);</strong></span> <span class='ocrx_word' id='word_1_156' title='bbox 886 1278 967 1320; x_wconf 88' lang='lat' dir='ltr'><strong>pori</strong></span> <span class='ocrx_word' id='word_1_157' title='bbox 998 1275 1219 1309; x_wconf 85' lang='lat' dir='ltr'><strong>solummodo</strong></span> <span class='ocrx_word' id='word_1_158' title='bbox 1241 1273 1441 1318; x_wconf 87' lang='lat' dir='ltr'><strong>superficiei</strong></span> <span class='ocrx_word' id='word_1_159' title='bbox 1473 1275 1665 1308; x_wconf 80' lang='lat' dir='ltr'><strong>exterioris</strong></span> <span class='ocrx_word' id='word_1_160' title='bbox 1698 1275 1737 1308; x_wconf 91' lang='lat' dir='ltr'><strong>in</strong></span> <span class='ocrx_word' id='word_1_161' title='bbox 1762 1275 1873 1310; x_wconf 87' lang='lat' dir='ltr'><strong>hocce</strong></span> 
     </span>
     <span class='ocr_line' id='line_1_17' title="bbox 187 1339 1761 1388; baseline -0.008 -2"><span class='ocrx_word' id='word_1_162' title='bbox 187 1352 314 1386; x_wconf 85' lang='lat' dir='ltr'><strong>ultimo</strong></span> <span class='ocrx_word' id='word_1_163' title='bbox 345 1349 497 1383; x_wconf 86' lang='lat' dir='ltr'><strong>maiores</strong></span> <span class='ocrx_word' id='word_1_164' title='bbox 534 1346 639 1387; x_wconf 83' lang='lat' dir='ltr'><strong>sunt3</strong></span> <span class='ocrx_word' id='word_1_165' title='bbox 675 1342 771 1388; x_wconf 87' lang='lat' dir='ltr'><strong>quod</strong></span> <span class='ocrx_word' id='word_1_166' title='bbox 799 1353 821 1375; x_wconf 87' lang='lat' dir='ltr'><strong>a</strong></span> <span class='ocrx_word' id='word_1_167' title='bbox 845 1339 996 1385; x_wconf 76' lang='lat' dir='ltr'><strong>simplici</strong></span> <span class='ocrx_word' id='word_1_168' title='bbox 1017 1339 1186 1374; x_wconf 75' lang='lat' dir='ltr'><strong>varietate</strong></span> <span class='ocrx_word' id='word_1_169' title='bbox 1211 1339 1424 1373; x_wconf 83' lang='lat' dir='ltr'><strong>individuali</strong></span> <span class='ocrx_word' id='word_1_170' title='bbox 1447 1339 1604 1383; x_wconf 84' lang='lat' dir='ltr'><strong>pendere</strong></span> <span class='ocrx_word' id='word_1_171' title='bbox 1627 1345 1761 1385; x_wconf 84' lang='lat' dir='ltr'><strong>potest.</strong></span> 
     </span>
    </p>
   </div>
   <div class='ocr_carea' id='block_1_3' title="bbox 187 1463 1931 1719">
    <p class='ocr_par' dir='ltr' id='par_1_6' title="bbox 187 1463 1931 1657">
     <span class='ocr_line' id='line_1_18' title="bbox 236 1463 1455 1520; baseline -0.01 -9"><span class='ocrx_word' id='word_1_172' title='bbox 236 1482 271 1515; x_wconf 85' lang='lat'><strong>4.</strong></span> <span class='ocrx_word' id='word_1_173' title='bbox 324 1478 469 1512; x_wconf 78' lang='grc' dir='ltr'><em>[ΙῙαηοη</em></span> <span class='ocrx_word' id='word_1_174' title='bbox 497 1475 704 1520; x_wconf 78' lang='lat' dir='ltr'><strong>capitatum</strong></span> <span class='ocrx_word' id='word_1_175' title='bbox 727 1479 857 1505; x_wconf 72' lang='lat' dir='ltr'>GOLDF.</span> <span class='ocrx_word' id='word_1_176' title='bbox 883 1478 966 1512; x_wconf 82' lang='lat' dir='ltr'><strong>pag.</strong></span> <span class='ocrx_word' id='word_1_177' title='bbox 994 1475 1029 1498; x_wconf 83' lang='lat'><strong>2.</strong></span> <span class='ocrx_word' id='word_1_178' title='bbox 1056 1463 1149 1498; x_wconf 91' lang='lat' dir='ltr'><strong>Tab.</strong></span> <span class='ocrx_word' id='word_1_179' title='bbox 1180 1476 1212 1498; x_wconf 91' lang='lat'><strong>1.</strong></span> <span class='ocrx_word' id='word_1_180' title='bbox 1237 1464 1299 1510; x_wconf 82' lang='lat' dir='ltr'><strong>fig.</strong></span> <span class='ocrx_word' id='word_1_181' title='bbox 1325 1466 1362 1500; x_wconf 81' lang='lat'><strong>4.</strong></span> <span class='ocrx_word' id='word_1_182' title='bbox 1388 1465 1455 1499; x_wconf 88' lang='lat' dir='ltr'><strong>ab.</strong></span> 
     </span>
     <span class='ocr_line' id='line_1_19' title="bbox 234 1531 1868 1587; baseline -0.006 -8"><span class='ocrx_word' id='word_1_183' title='bbox 234 1546 289 1579; x_wconf 90' lang='lat' dir='ltr'><strong>M.</strong></span> <span class='ocrx_word' id='word_1_184' title='bbox 329 1542 575 1587; x_wconf 85' lang='lat' dir='ltr'><strong>subglobosum</strong></span> <span class='ocrx_word' id='word_1_185' title='bbox 611 1536 860 1584; x_wconf 85' lang='lat' dir='ltr'><strong>phalliforme‚</strong></span> <span class='ocrx_word' id='word_1_186' title='bbox 895 1531 1010 1576; x_wconf 60' lang='lat' dir='ltr'><strong>stipite</strong></span> <span class='ocrx_word' id='word_1_187' title='bbox 1037 1531 1239 1566; x_wconf 82' lang='lat' dir='ltr'><strong>transverse</strong></span> <span class='ocrx_word' id='word_1_188' title='bbox 1271 1531 1429 1576; x_wconf 83' lang='lat' dir='ltr'><strong>plicato,</strong></span> <span class='ocrx_word' id='word_1_189' title='bbox 1465 1533 1595 1575; x_wconf 82' lang='lat' dir='ltr'><strong>tereti,</strong></span> <span class='ocrx_word' id='word_1_190' title='bbox 1617 1532 1842 1578; x_wconf 84' lang='lat' dir='ltr'><strong>subporisero</strong></span> <span class='ocrx_word' id='word_1_191' title='bbox 1856 1561 1868 1580; x_wconf 83' lang='lat'>‚</span> 
     </span>
     <span class='ocr_line' id='line_1_20' title="bbox 187 1578 1931 1657; baseline -0.002 -18"><span class='ocrx_word' id='word_1_192' title='bbox 187 1611 301 1657; x_wconf 75' lang='lat' dir='ltr'><strong>capite</strong></span> <span class='ocrx_word' id='word_1_193' title='bbox 325 1607 536 1654; x_wconf 76' lang='lat' dir='ltr'><strong>subgloboso</strong></span> <span class='ocrx_word' id='word_1_194' title='bbox 550 1630 562 1650; x_wconf 86' lang='lat'>,</span> <span class='ocrx_word' id='word_1_195' title='bbox 594 1604 712 1647; x_wconf 86' lang='lat' dir='ltr'><strong>laevi,</strong></span> <span class='ocrx_word' id='word_1_196' title='bbox 737 1600 838 1647; x_wconf 90' lang='lat' dir='ltr'><strong>poris</strong></span> <span class='ocrx_word' id='word_1_197' title='bbox 865 1594 1112 1632; x_wconf 86' lang='lat' dir='ltr'><strong>minutisfimis</strong></span> <span class='ocrx_word' id='word_1_198' title='bbox 1126 1620 1139 1639; x_wconf 92' lang='lat'><strong><em>,</em></strong></span> <span class='ocrx_word' id='word_1_199' title='bbox 1177 1596 1413 1631; x_wconf 85' lang='lat' dir='ltr'><strong>circularibus</strong></span> <span class='ocrx_word' id='word_1_200' title='bbox 1428 1621 1439 1641; x_wconf 91' lang='lat'><strong>,</strong></span> <span class='ocrx_word' id='word_1_201' title='bbox 1475 1597 1610 1632; x_wconf 84' lang='lat' dir='ltr'><strong>crebris</strong></span> <span class='ocrx_word' id='word_1_202' title='bbox 1630 1605 1823 1645; x_wconf 72' lang='lat' dir='ltr'><strong>punctam.</strong></span> <span class='ocrx_word' id='word_1_203' title='bbox 1926 1578 1931 1583; x_wconf 40' lang='lat'>&#39;</span> 
     </span>
    </p>

    <p class='ocr_par' dir='ltr' id='par_1_7' title="bbox 237 1661 1872 1719">
     <span class='ocr_line' id='line_1_21' title="bbox 237 1661 1872 1719; baseline -0.001 -17"><span class='ocrx_word' id='word_1_204' title='bbox 237 1672 472 1719; x_wconf 71' lang='lat' dir='ltr'><strong>Millepori-te</strong></span> <span class='ocrx_word' id='word_1_205' title='bbox 503 1683 548 1705; x_wconf 83' lang='lat' dir='ltr'><strong>en</strong></span> <span class='ocrx_word' id='word_1_206' title='bbox 580 1666 844 1713; x_wconf 70' lang='lat' dir='ltr'><strong>champignon.</strong></span> <span class='ocrx_word' id='word_1_207' title='bbox 903 1663 1012 1697; x_wconf 60' lang='lat' dir='ltr'><strong>Fim.</strong></span> <span class='ocrx_word' id='word_1_208' title='bbox 1051 1672 1100 1696; x_wconf 74' lang='grc' dir='ltr'><strong>ετ.</strong></span> <span class='ocrx_word' id='word_1_209' title='bbox 1130 1672 1240 1696; x_wconf 71' lang='lat' dir='ltr'><strong>roim.</strong></span> <span class='ocrx_word' id='word_1_210' title='bbox 1282 1661 1381 1697; x_wconf 86' lang='lat' dir='ltr'><strong>Hist.</strong></span> <span class='ocrx_word' id='word_1_211' title='bbox 1417 1669 1493 1697; x_wconf 85' lang='lat' dir='ltr'><strong>nat.</strong></span> <span class='ocrx_word' id='word_1_212' title='bbox 1522 1664 1566 1698; x_wconf 89' lang='lat' dir='ltr'><strong>de</strong></span> <span class='ocrx_word' id='word_1_213' title='bbox 1599 1663 1635 1697; x_wconf 87' lang='lat' dir='ltr'><strong>la</strong></span> <span class='ocrx_word' id='word_1_214' title='bbox 1671 1672 1785 1700; x_wconf 87' lang='lat' dir='ltr'><strong>mont.</strong></span> <span class='ocrx_word' id='word_1_215' title='bbox 1820 1666 1872 1700; x_wconf 86' lang='lat' dir='ltr'><strong>St.</strong></span> 
     </span>
    </p>
   </div>
   <div class='ocr_carea' id='block_1_4' title="bbox 186 1728 1436 1842">
    <p class='ocr_par' dir='ltr' id='par_1_8' title="bbox 186 1728 1436 1842">
     <span class='ocr_line' id='line_1_22' title="bbox 186 1728 1039 1786; baseline -0.019 -9"><span class='ocrx_word' id='word_1_216' title='bbox 186 1744 309 1777; x_wconf 90' lang='lat' dir='ltr'><strong>Pierre</strong></span> <span class='ocrx_word' id='word_1_217' title='bbox 329 1753 411 1786; x_wconf 83' lang='lat' dir='ltr'><strong>pag.</strong></span> <span class='ocrx_word' id='word_1_218' title='bbox 440 1738 525 1772; x_wconf 82' lang='lat'>208.</span> <span class='ocrx_word' id='word_1_219' title='bbox 547 1736 638 1770; x_wconf 85' lang='lat' dir='ltr'><strong>Tab.</strong></span> <span class='ocrx_word' id='word_1_220' title='bbox 659 1734 743 1769; x_wconf 84' lang='lat' dir='ltr'><strong>XL.</strong></span> <span class='ocrx_word' id='word_1_221' title='bbox 767 1732 826 1778; x_wconf 87' lang='lat' dir='ltr'><strong>fig.</strong></span> <span class='ocrx_word' id='word_1_222' title='bbox 848 1732 884 1765; x_wconf 85' lang='lat'><strong>8.</strong></span> <span class='ocrx_word' id='word_1_223' title='bbox 903 1741 926 1763; x_wconf 89' lang='lat' dir='ltr'><strong>a</strong></span> <span class='ocrx_word' id='word_1_224' title='bbox 946 1734 982 1763; x_wconf 86' lang='lat' dir='ltr'><strong>et</strong></span> <span class='ocrx_word' id='word_1_225' title='bbox 1003 1728 1039 1762; x_wconf 91' lang='lat' dir='ltr'><strong>b.</strong></span> 
     </span>
     <span class='ocr_line' id='line_1_23' title="bbox 237 1792 1436 1842; baseline -0.018 0"><span class='ocrx_word' id='word_1_226' title='bbox 237 1807 369 1842; x_wconf 79' lang='lat' dir='ltr'><strong>Fosfile</strong></span> <span class='ocrx_word' id='word_1_227' title='bbox 393 1804 578 1840; x_wconf 76' lang='lat' dir='ltr'><strong>invenitur</strong></span> <span class='ocrx_word' id='word_1_228' title='bbox 599 1803 638 1835; x_wconf 91' lang='lat' dir='ltr'><strong>in</strong></span> <span class='ocrx_word' id='word_1_229' title='bbox 659 1798 843 1834; x_wconf 76' lang='lat' dir='ltr'><strong>montibus</strong></span> <span class='ocrx_word' id='word_1_230' title='bbox 862 1794 1032 1830; x_wconf 77' lang='lat' dir='ltr'><strong>cretaceis</strong></span> <span class='ocrx_word' id='word_1_231' title='bbox 1054 1804 1170 1838; x_wconf 91' lang='lat' dir='ltr'><strong>prope</strong></span> <span class='ocrx_word' id='word_1_232' title='bbox 1188 1792 1436 1829; x_wconf 73' lang='lat' dir='ltr'><strong>Maastriclzt‚</strong></span> 
     </span>
    </p>
   </div>
   <div class='ocr_carea' id='block_1_5' title="bbox 188 1858 1869 2504">
    <p class='ocr_par' dir='ltr' id='par_1_9' title="bbox 191 1858 1866 1984">
     <span class='ocr_line' id='line_1_24' title="bbox 243 1858 1866 1919; baseline -0.008 -12"><span class='ocrx_word' id='word_1_233' title='bbox 243 1873 327 1919; x_wconf 82' lang='lat' dir='ltr'><strong><em>Obs.</em></strong></span> <span class='ocrx_word' id='word_1_234' title='bbox 378 1870 435 1904; x_wconf 88' lang='lat' dir='ltr'><strong>Ill.</strong></span> <span class='ocrx_word' id='word_1_235' title='bbox 453 1878 633 1903; x_wconf 69' lang='lat' dir='ltr'><strong>comrnss</strong></span> <span class='ocrx_word' id='word_1_236' title='bbox 650 1867 716 1900; x_wconf 89' lang='lat' dir='ltr'><strong>hoc</strong></span> <span class='ocrx_word' id='word_1_237' title='bbox 734 1864 878 1910; x_wconf 88' lang='lat' dir='ltr'><strong>quidem</strong></span> <span class='ocrx_word' id='word_1_238' title='bbox 899 1859 1135 1905; x_wconf 84' lang='lat' dir='ltr'><strong>Polyparium</strong></span> <span class='ocrx_word' id='word_1_239' title='bbox 1158 1864 1325 1893; x_wconf 87' lang='lat' dir='ltr'><strong>numerat</strong></span> <span class='ocrx_word' id='word_1_240' title='bbox 1344 1859 1439 1893; x_wconf 87' lang='lat' dir='ltr'><strong>inter</strong></span> <span class='ocrx_word' id='word_1_241' title='bbox 1457 1858 1643 1894; x_wconf 81' lang='lat' dir='ltr'><strong>Manones</strong></span> <span class='ocrx_word' id='word_1_242' title='bbox 1671 1862 1866 1906; x_wconf 75' lang='lat' dir='ltr'><strong>(scuwme-</strong></span> 
     </span>
     <span class='ocr_line' id='line_1_25' title="bbox 191 1929 1108 1984; baseline -0.017 -9"><span class='ocrx_word' id='word_1_243' title='bbox 191 1942 276 1984; x_wconf 83' lang='lat' dir='ltr'>GER)</span> <span class='ocrx_word' id='word_1_244' title='bbox 310 1943 346 1972; x_wconf 90' lang='lat' dir='ltr'><strong>et</strong></span> <span class='ocrx_word' id='word_1_245' title='bbox 370 1939 557 1981; x_wconf 79' lang='lat' dir='ltr'><strong>sequentes</strong></span> <span class='ocrx_word' id='word_1_246' title='bbox 573 1932 677 1968; x_wconf 89' lang='lat' dir='ltr'><strong>-nobis</strong></span> <span class='ocrx_word' id='word_1_247' title='bbox 695 1930 844 1977; x_wconf 80' lang='lat' dir='ltr'><strong>praebet</strong></span> <span class='ocrx_word' id='word_1_248' title='bbox 865 1929 1108 1962; x_wconf 77' lang='lat' dir='ltr'><strong>characteres:</strong></span> 
     </span>
    </p>

    <p class='ocr_par' dir='ltr' id='par_1_10' title="bbox 188 1990 1865 2173">
     <span class='ocr_line' id='line_1_26' title="bbox 236 1990 1863 2049; baseline -0.015 -8"><span class='ocrx_word' id='word_1_249' title='bbox 236 2017 256 2041; x_wconf 70' lang='lat'><strong>²)</strong></span> <span class='ocrx_word' id='word_1_250' title='bbox 272 2006 327 2040; x_wconf 88' lang='grc' dir='ltr'><strong>Μ.</strong></span> <span class='ocrx_word' id='word_1_251' title='bbox 363 2003 584 2049; x_wconf 80' lang='lat' dir='ltr'><strong>stipitatum,</strong></span> <span class='ocrx_word' id='word_1_252' title='bbox 610 2002 793 2041; x_wconf 67' lang='lat' dir='ltr'><strong>erectum,</strong></span> <span class='ocrx_word' id='word_1_253' title='bbox 822 1995 1044 2040; x_wconf 84' lang='lat' dir='ltr'><strong>capitatum,</strong></span> <span class='ocrx_word' id='word_1_254' title='bbox 1080 1990 1237 2037; x_wconf 86' lang='lat' dir='ltr'><strong>oapitulo</strong></span> <span class='ocrx_word' id='word_1_255' title='bbox 1269 1990 1571 2035; x_wconf 83' lang='lat' dir='ltr'><strong>hemisphaerico,</strong></span> <span class='ocrx_word' id='word_1_256' title='bbox 1607 1990 1737 2025; x_wconf 82' lang='lat' dir='ltr'><strong>ostiolis</strong></span> <span class='ocrx_word' id='word_1_257' title='bbox 1773 2002 1863 2036; x_wconf 76' lang='lat' dir='ltr'><strong>par..</strong></span> 
     </span>
     <span class='ocr_line' id='line_1_27' title="bbox 190 2055 1865 2116; baseline -0.01 -9"><span class='ocrx_word' id='word_1_258' title='bbox 190 2072 269 2116; x_wconf 85' lang='lat' dir='ltr'><strong>vis,</strong></span> <span class='ocrx_word' id='word_1_259' title='bbox 306 2070 420 2113; x_wconf 88' lang='lat' dir='ltr'><strong>raris,</strong></span> <span class='ocrx_word' id='word_1_260' title='bbox 448 2067 560 2102; x_wconf 83' lang='lat' dir='ltr'><strong>massa</strong></span> <span class='ocrx_word' id='word_1_261' title='bbox 596 2064 766 2107; x_wconf 85' lang='lat' dir='ltr'><strong>carnosa,</strong></span> <span class='ocrx_word' id='word_1_262' title='bbox 797 2073 818 2096; x_wconf 87' lang='lat' dir='ltr'><strong>e</strong></span> <span class='ocrx_word' id='word_1_263' title='bbox 845 2060 943 2095; x_wconf 81' lang='lat' dir='ltr'><strong>fibris</strong></span> <span class='ocrx_word' id='word_1_264' title='bbox 974 2060 1012 2093; x_wconf 89' lang='lat' dir='ltr'><strong>in</strong></span> <span class='ocrx_word' id='word_1_265' title='bbox 1048 2057 1162 2103; x_wconf 73' lang='lat' dir='ltr'><strong>stipite</strong></span> <span class='ocrx_word' id='word_1_266' title='bbox 1196 2057 1322 2091; x_wconf 82' lang='lat' dir='ltr'><strong>crassis</strong></span> <span class='ocrx_word' id='word_1_267' title='bbox 1356 2055 1544 2102; x_wconf 87' lang='lat' dir='ltr'><strong>superficie</strong></span> <span class='ocrx_word' id='word_1_268' title='bbox 1576 2055 1804 2101; x_wconf 84' lang='lat' dir='ltr'><strong>incrustatis,</strong></span> <span class='ocrx_word' id='word_1_269' title='bbox 1828 2058 1865 2091; x_wconf 90' lang='lat' dir='ltr'><strong>in</strong></span> 
     </span>
     <span class='ocr_line' id='line_1_28' title="bbox 188 2132 568 2173; baseline -0.016 0"><span class='ocrx_word' id='word_1_270' title='bbox 188 2137 385 2173; x_wconf 85' lang='lat' dir='ltr'><strong>summitate</strong></span> <span class='ocrx_word' id='word_1_271' title='bbox 423 2132 568 2168; x_wconf 86' lang='lat' dir='ltr'><strong>nudis.”</strong></span> 
     </span>
    </p>

    <p class='ocr_par' dir='ltr' id='par_1_11' title="bbox 189 2188 1869 2504">
     <span class='ocr_line' id='line_1_29' title="bbox 235 2188 1864 2238; baseline -0.013 -1"><span class='ocrx_word' id='word_1_272' title='bbox 235 2205 285 2238; x_wconf 89' lang='lat' dir='ltr'><strong>At</strong></span> <span class='ocrx_word' id='word_1_273' title='bbox 313 2213 398 2237; x_wconf 82' lang='lat' dir='ltr'><strong>vero</strong></span> <span class='ocrx_word' id='word_1_274' title='bbox 424 2199 619 2234; x_wconf 87' lang='lat' dir='ltr'><strong>secu-ndum</strong></span> <span class='ocrx_word' id='word_1_275' title='bbox 649 2196 705 2230; x_wconf 92' lang='lat' dir='ltr'><strong>Ill.</strong></span> <span class='ocrx_word' id='word_1_276' title='bbox 733 2204 908 2229; x_wconf 74' lang='lat' dir='ltr'>LAMARCK</span> <span class='ocrx_word' id='word_1_277' title='bbox 931 2192 1021 2226; x_wconf 79' lang='lat' dir='ltr'><strong>haec</strong></span> <span class='ocrx_word' id='word_1_278' title='bbox 1041 2189 1171 2235; x_wconf 84' lang='lat' dir='ltr'><strong>species</strong></span> <span class='ocrx_word' id='word_1_279' title='bbox 1193 2189 1237 2223; x_wconf 84' lang='lat' dir='ltr'><strong>ad</strong></span> <span class='ocrx_word' id='word_1_280' title='bbox 1258 2188 1554 2233; x_wconf 70' lang='lat' dir='ltr'><strong>Mdleporarum</strong></span> <span class='ocrx_word' id='word_1_281' title='bbox 1572 2199 1684 2233; x_wconf 88' lang='lat' dir='ltr'><strong>genus</strong></span> <span class='ocrx_word' id='word_1_282' title='bbox 1704 2188 1864 2232; x_wconf 79' lang='lat' dir='ltr'><strong>pertine.</strong></span> 
     </span>
     <span class='ocr_line' id='line_1_30' title="bbox 191 2252 1868 2310; baseline -0.014 -7"><span class='ocrx_word' id='word_1_283' title='bbox 191 2275 259 2303; x_wconf 84' lang='lat' dir='ltr'><strong>ret.</strong></span> <span class='ocrx_word' id='word_1_284' title='bbox 309 2267 464 2301; x_wconf 81' lang='lat' dir='ltr'><strong>variant</strong></span> <span class='ocrx_word' id='word_1_285' title='bbox 498 2264 691 2310; x_wconf 85' lang='lat' dir='ltr'><strong>specimina</strong></span> <span class='ocrx_word' id='word_1_286' title='bbox 720 2261 764 2295; x_wconf 93' lang='lat' dir='ltr'><strong>ab</strong></span> <span class='ocrx_word' id='word_1_287' title='bbox 795 2272 870 2295; x_wconf 77' lang='lat' dir='ltr'><strong>uno</strong></span> <span class='ocrx_word' id='word_1_288' title='bbox 905 2259 949 2292; x_wconf 85' lang='lat' dir='ltr'><strong>ad</strong></span> <span class='ocrx_word' id='word_1_289' title='bbox 980 2256 1202 2290; x_wconf 75' lang='lat' dir='ltr'><strong>latitudinem</strong></span> <span class='ocrx_word' id='word_1_290' title='bbox 1233 2255 1389 2288; x_wconf 85' lang='lat' dir='ltr'><strong>duorum</strong></span> <span class='ocrx_word' id='word_1_291' title='bbox 1415 2252 1600 2298; x_wconf 88' lang='lat' dir='ltr'><strong>pollicum.</strong></span> <span class='ocrx_word' id='word_1_292' title='bbox 1652 2253 1770 2287; x_wconf 87' lang='lat' dir='ltr'><strong>Linea</strong></span> <span class='ocrx_word' id='word_1_293' title='bbox 1795 2254 1868 2288; x_wconf 87' lang='lat' dir='ltr'><strong>cir-</strong></span> 
     </span>
     <span class='ocr_line' id='line_1_31' title="bbox 189 2319 1867 2376; baseline -0.01 -8"><span class='ocrx_word' id='word_1_294' title='bbox 189 2334 319 2368; x_wconf 87' lang='lat' dir='ltr'><strong>cularis</strong></span> <span class='ocrx_word' id='word_1_295' title='bbox 352 2333 546 2376; x_wconf 85' lang='lat' dir='ltr'><strong>marginem</strong></span> <span class='ocrx_word' id='word_1_296' title='bbox 578 2326 783 2364; x_wconf 80' lang='lat' dir='ltr'><strong>inferiorem</strong></span> <span class='ocrx_word' id='word_1_297' title='bbox 816 2326 903 2372; x_wconf 87' lang='lat' dir='ltr'><strong>pilei</strong></span> <span class='ocrx_word' id='word_1_298' title='bbox 926 2322 1148 2358; x_wconf 73' lang='lat' dir='ltr'><strong>circumdans</strong></span> <span class='ocrx_word' id='word_1_299' title='bbox 1168 2319 1325 2354; x_wconf 45' lang='lat' dir='ltr'><strong>*subitam</strong></span> <span class='ocrx_word' id='word_1_300' title='bbox 1358 2320 1495 2354; x_wconf 82' lang='lat' dir='ltr'><strong>indicat</strong></span> <span class='ocrx_word' id='word_1_301' title='bbox 1518 2319 1780 2364; x_wconf 86' lang='lat' dir='ltr'><strong>separationem</strong></span> <span class='ocrx_word' id='word_1_302' title='bbox 1806 2320 1867 2353; x_wconf 87' lang='lat' dir='ltr'><strong>in-</strong></span> 
     </span>
     <span class='ocr_line' id='line_1_32' title="bbox 190 2385 1869 2442; baseline -0.01 -9"><span class='ocrx_word' id='word_1_303' title='bbox 190 2407 245 2433; x_wconf 88' lang='lat' dir='ltr'><strong>ter</strong></span> <span class='ocrx_word' id='word_1_304' title='bbox 277 2398 449 2442; x_wconf 85' lang='lat' dir='ltr'><strong>stipitem,</strong></span> <span class='ocrx_word' id='word_1_305' title='bbox 482 2396 543 2440; x_wconf 90' lang='lat' dir='ltr'><strong>qui</strong></span> <span class='ocrx_word' id='word_1_306' title='bbox 571 2396 679 2430; x_wconf 87' lang='lat' dir='ltr'><strong>laevis</strong></span> <span class='ocrx_word' id='word_1_307' title='bbox 696 2419 707 2439; x_wconf 92' lang='lat'>,</span> <span class='ocrx_word' id='word_1_308' title='bbox 739 2393 798 2428; x_wconf 86' lang='lat' dir='ltr'><strong>vel</strong></span> <span class='ocrx_word' id='word_1_309' title='bbox 818 2389 1021 2426; x_wconf 71' lang='lat' dir='ltr'><strong>transverse</strong></span> <span class='ocrx_word' id='word_1_310' title='bbox 1045 2387 1228 2433; x_wconf 28' lang='lat' dir='ltr'><strong>*plicat-us,</strong></span> <span class='ocrx_word' id='word_1_311' title='bbox 1256 2387 1341 2420; x_wconf 90' lang='lat' dir='ltr'><strong>dum</strong></span> <span class='ocrx_word' id='word_1_312' title='bbox 1372 2391 1498 2419; x_wconf 86' lang='lat' dir='ltr'><strong>contra</strong></span> <span class='ocrx_word' id='word_1_313' title='bbox 1530 2385 1631 2419; x_wconf 90' lang='lat' dir='ltr'><strong>frons</strong></span> <span class='ocrx_word' id='word_1_314' title='bbox 1663 2386 1723 2419; x_wconf 90' lang='lat' dir='ltr'><strong>seu</strong></span> <span class='ocrx_word' id='word_1_315' title='bbox 1749 2385 1869 2429; x_wconf 83' lang='lat' dir='ltr'><strong>pileus</strong></span> 
     </span>
     <span class='ocr_line' id='line_1_33' title="bbox 190 2449 1866 2504; baseline -0.008 -7"><span class='ocrx_word' id='word_1_316' title='bbox 190 2464 322 2500; x_wconf 78' lang='lat' dir='ltr'><strong>varice&#39;</strong></span> <span class='ocrx_word' id='word_1_317' title='bbox 355 2461 523 2496; x_wconf 77' lang='lat' dir='ltr'><strong>crassiore</strong></span> <span class='ocrx_word' id='word_1_318' title='bbox 559 2460 783 2504; x_wconf 83' lang='lat' dir='ltr'><strong>-marginatus</strong></span> <span class='ocrx_word' id='word_1_319' title='bbox 826 2453 906 2501; x_wconf 80' lang='lat' dir='ltr'><strong>est,</strong></span> <span class='ocrx_word' id='word_1_320' title='bbox 941 2461 977 2490; x_wconf 87' lang='lat' dir='ltr'><strong>et</strong></span> <span class='ocrx_word' id='word_1_321' title='bbox 1002 2453 1225 2501; x_wconf 83' lang='lat' dir='ltr'><strong>superficiem</strong></span> <span class='ocrx_word' id='word_1_322' title='bbox 1253 2451 1363 2486; x_wconf 70' lang='lat' dir='ltr'><strong>habet</strong></span> <span class='ocrx_word' id='word_1_323' title='bbox 1395 2450 1646 2497; x_wconf 77' lang='lat' dir='ltr'><strong>granulatam,</strong></span> <span class='ocrx_word' id='word_1_324' title='bbox 1680 2449 1777 2495; x_wconf 84' lang='lat' dir='ltr'><strong>quafi</strong></span> <span class='ocrx_word' id='word_1_325' title='bbox 1811 2450 1866 2484; x_wconf 85' lang='lat' dir='ltr'><strong>ir—</strong></span> 
     </span>
    </p>
   </div>
   <div class='ocr_carea' id='block_1_6' title="bbox 191 2529 649 2576">
    <p class='ocr_par' dir='ltr' id='par_1_12' title="bbox 191 2529 649 2576">
     <span class='ocr_line' id='line_1_34' title="bbox 191 2529 649 2576; baseline -0.011 -12"><span class='ocrx_word' id='word_1_326' title='bbox 191 2529 403 2576; x_wconf 83' lang='lat' dir='ltr'><strong>regulariter</strong></span> <span class='ocrx_word' id='word_1_327' title='bbox 424 2531 649 2574; x_wconf 53' lang='lat' dir='ltr'><strong>punctatann</strong></span> 
     </span>
    </p>
   </div>
  </div>
 </body>
</html>
