2024 3022
198 274 219 309 8
537 277 727 314 0AROL1
767 276 1029 315 FRANCISCI
1066 274 1283 314 ANTONII
1321 276 1544 313 MORREN

193 386 340 422 maximi
381 391 553 425 momenti
600 397 636 426 et
676 392 896 438 utilissimis,
939 392 1071 439 quibus
1117 391 1269 438 systema
1300 392 1483 439 peculiare
1510 389 1787 428 clasfificationis
1814 393 1880 427 iti-¹

195 452 334 490 struxit.

242 519 531 566 Investigationes
566 523 603 557 in
643 524 834 570 polyparia
868 524 999 559 fosfilia
1035 525 1293 559 concomitatae
1328 529 1392 559 aut
1426 523 1627 558 subsecatae
1660 525 1742 559 sunt
1767 525 1879 568 illas,¹

196 597 288 629 quae
320 587 357 620 in
394 587 585 633 polyparia
618 590 777 624 viventia
814 590 958 624 fuerant
993 591 1201 633 institutae3
1239 596 1339 624 tanta
1365 591 1460 623 euim
1486 596 1540 623 est
1564 589 1753 623 fimilitudo
1780 590 1877 626 inter,

193 652 300 684 huius
326 653 451 686 mundi
475 659 510 688 et
530 656 656 689 mundi
680 657 809 690 veteris
832 657 998 690 animalia
1014 681 1025 700 ‚
1053 663 1095 690 ut
1120 657 1242 690 lumen
1258 680 1268 699 ‚
1297 667 1369 700 quo
1395 655 1487 688 alter
1513 655 1772 699 collustratur,
1799 656 1876 689 sere

192 717 329 762 semper
365 718 560 754 obscurum
600 723 776 767 quoddam
816 723 855 756 in
890 723 959 756 alio
995 722 1159 757 illustret.
1212 723 1440 765 GUETTARD,
1475 733 1626 765 lutona,
1658 732 1877 764 ammaum,

192 793 402 828 scnfloTER,
440 797 669 831 PARKINsoN,
710 799 840 822 Flauias
877 801 924 823 na
962 801 1013 823 ετ.
1049 800 1165 833 rom),
1201 794 1271 823 etc.
1297 788 1388 821 idem
1416 788 1533 833 quoad
1559 788 1749 833 polyparia
1774 787 1878 821 fosfi-

191 847 237 880 lia
274 860 315 881 ac
347 850 482 884 laudati
517 858 679 886 auctores
707 854 827 898 quoad
851 854 1043 899 polyparia
1070 854 1255 899 viventia,
1282 855 1460 888 fecerunt.
1518 853 1698 887 Accurate
1721 855 1881 899 descrip-

190 914 312 947 serunt
349 914 583 951 habitationes
609 918 784 951 calcareas
812 919 1041 964 animalium,
1069 931 1159 965 quae
1186 907 1498 965 cataclysmatibus
1525 920 1725 953 successivis
1752 925 1787 953 et
1813 931 1878 964 ge-

190 980 371 1015 neralibus
413 982 510 1016 orbis
555 984 756 1029 superficiei
802 985 1085 1020 subversionibus
1131 986 1315 1030 perierant
1357 991 1393 1018 et
1423 996 1515 1030 quae
1550 986 1585 1018 in
1623 984 1755 1018 Museis
1789 996 1880 1018 con-

192 1046 448 1092 servabantur,
475 1053 510 1082 et
535 1050 718 1096 diligentes
745 1051 924 1085 delineare
950 1057 1189 1086 curaverunt.
1242 1051 1427 1085 LAMARCK
1455 1051 1534 1095 ipse
1560 1050 1623 1095 qui
1649 1050 1720 1083 iam
1746 1051 1783 1083 in
1811 1050 1880 1083 Li-

188 1113 460 1160 tliophytologia
487 1116 630 1151 vivente
651 1118 891 1152 methodicam
918 1123 954 1152 et
979 1118 1146 1152 eximiam
1172 1117 1378 1151 divifionem
1403 1118 1440 1150 in
1468 1117 1622 1150 medium
1651 1117 1875 1160 protulerat,

188 1178 458 1225 descriptionem
487 1182 650 1216 exhibuit
691 1183 727 1216 in
771 1183 916 1229 lingulis
961 1183 1149 1230 generibus
1184 1194 1258 1218 non
1291 1183 1404 1217 solum
1437 1183 1636 1229 specierum
1679 1183 1878 1217 viventium

186 1244 242 1277 sed
277 1245 383 1280 etiam
419 1247 605 1281 fosfilium.

237 1311 405 1345 Attamen
433 1324 555 1346 omnes
580 1312 865 1358 investigationes
891 1313 974 1347 inde
999 1325 1020 1346 a
1045 1313 1219 1346 doctrinis
1245 1312 1449 1347 reformatis
1475 1314 1656 1347 institutae
1683 1315 1878 1349 manebant

184 1377 388 1420 separatae,
425 1377 721 1421 incohaerentes,
759 1385 795 1412 et
830 1379 880 1411 nil
918 1379 994 1412 fere
1030 1384 1071 1412 ut
1108 1379 1160 1411 ita
1201 1379 1314 1412 dicam
1354 1384 1459 1412 erant
1495 1379 1878 1425 nistmonographiae

184 1442 267 1485 plus
294 1442 462 1475 minusve
488 1443 531 1475 ad
564 1443 835 1476 determinatam
864 1443 1045 1488 regionem
1073 1442 1373 1476 accommodatae.
1425 1442 1467 1476 In
1496 1455 1609 1477 unum
1638 1456 1773 1489 eorpus
1797 1446 1878 1479 col-

186 1507 248 1551 ligi
281 1506 482 1550 debebantf,
522 1512 635 1552 utque
668 1508 791 1554 aliqua
829 1508 888 1553 spe
925 1508 1105 1543 successus
1132 1509 1168 1542 in
1196 1508 1261 1541 tali
1288 1519 1327 1541 re
1360 1509 1638 1553 procederetur,
1665 1510 1878 1556 descriptio·

186 1583 249 1605 nes
285 1578 320 1606 et
346 1572 482 1618 figurae
513 1585 609 1608 novo
640 1575 794 1608 examini
827 1580 932 1609 erant
965 1574 1243 1618 submistendae,
1281 1580 1449 1608 aecurate
1471 1577 1756 1620 comparandae,
1786 1578 1877 1622 quin

185 1640 318 1685 etiam,
358 1646 400 1674 ut
431 1641 545 1674 omnis
581 1652 684 1675 error
720 1641 924 1685 vitaretur,
957 1642 1038 1686 ipsa
1070 1640 1208 1675 obiecta
1243 1640 1440 1686 saepissime
1474 1641 1651 1675 illustrari
1685 1642 1874 1677 debebant.

185 1705 276 1739 Tale
317 1706 502 1751 inceptum
546 1707 706 1753 vulgaris
743 1712 897 1741 naturae
934 1706 1143 1741 scrutatoris
1180 1706 1275 1742 vires
1318 1706 1542 1750 excesfisset‚
1581 1707 1639 1741 sed
1678 1708 1754 1741 eius
1789 1714 1876 1743 ten-

185 1779 305 1806 tamen
345 1784 419 1806 non
465 1774 599 1808 terruit
638 1774 689 1809 ill.
730 1784 933 1817 GOLDFUffi,
973 1773 1036 1818 qui
1078 1783 1173 1806 anno
1226 1772 1319 1805 1826
1358 1771 1422 1806 sub
1465 1772 1597 1807 titulo:
1650 1773 1874 1819 Pell-efacta

182 1837 312 1884 Musei
349 1840 448 1875 univ.
491 1839 586 1884 Reg.
625 1839 848 1882 Borzcsficae
882 1838 1086 1873 Rhenancce
1132 1838 1336 1881 Bonnenfis
1379 1849 1518 1873 necnon
1555 1839 1876 1885 Hoeninglzostani

189 1904 434 1950 Crefieldensts
469 1905 635 1940 iconibus
668 1911 704 1939 et
734 1906 911 1951 descript.
944 1904 1159 1949 illustrata,
1184 1904 1292 1937 edidit
1321 1904 1481 1948 primum
1501 1904 1712 1939 fasciculum
1749 1906 1784 1939 in
1812 1906 1874 1939 fo-

184 1971 254 2014 lio,
291 1976 459 2005 ornatum
503 1972 758 2017 pulcherrimis
794 1971 916 2017 figuris
952 1971 998 2005 ad
1033 1976 1201 2004 naturam
1237 1969 1448 2014 detineatis,
1483 1970 1614 2015 quibus
1646 1970 1871 2017 Lithophyta

186 2035 316 2069 fosfilia
348 2036 568 2071 diversarum
600 2039 787 2083 regionum
822 2037 1193 2083 comprehenduntur.

234 2103 341 2136 Certe
375 2102 515 2137 nullum
550 2116 669 2148 opus,
704 2105 801 2150 quod
831 2103 947 2138 nostro
983 2102 1160 2148 opusculo
1194 2107 1367 2147 tanquam
1402 2103 1489 2136 basis
1522 2108 1559 2137 et
1581 2104 1784 2148 exemplum
1812 2105 1872 2137 in-

188 2168 361 2212 serviret,
396 2169 522 2203 melius
557 2169 702 2214 seligere
726 2170 912 2215 potuimus
944 2180 1052 2213 quam
1084 2180 1177 2214 opus
1208 2166 1430 2202 celeberrimi
1463 2179 1666 2203 GOLDPUss:
1705 2170 1870 2203 lubenter

190 2236 311 2278 itaque
347 2233 506 2270 fatemur
545 2247 611 2270 nos
644 2246 690 2270 ex
719 2247 761 2270 eo
798 2236 900 2282 saepe
931 2235 1077 2281 phrases
1115 2234 1296 2280 specificas
1327 2235 1608 2280 deprompsisse,
1645 2235 1874 2282 posteaquam

191 2305 308 2333 tamen
343 2300 447 2344 illas,
484 2301 613 2336 relatas
646 2313 728 2335 cum
758 2300 906 2335 obiectis
940 2311 1033 2346 quae
1061 2299 1266 2345 defignant,
1288 2300 1377 2334 serio
1409 2301 1563 2335 examini
1594 2300 1871 2337 subiecissemus.

191 2367 382 2401 Caeterum
427 2367 568 2412 sontes,
610 2379 653 2402 ex
696 2367 827 2413 quibus
862 2367 1000 2413 aliquid
1028 2365 1210 2411 peculiare
1244 2366 1448 2410 hausimus,
1491 2368 1630 2412 semper
1660 2367 1873 2410 citavimus,

191 2432 322 2477 cuique
369 2432 414 2467 fic
463 2433 622 2467 debitum
660 2434 869 2470 tribuentes.
930 2433 1136 2478 Aliquando
1179 2438 1298 2467 tamen
1333 2434 1408 2468 auli
1437 2433 1558 2468 sumus
1589 2435 1780 2468 immutare
1807 2435 1873 2468 de·-

191 2499 407 2544 fcriptiones
433 2499 503 2537 five
527 2511 698 2546 generum
725 2501 796 2537 five
819 2500 1044 2546 specierum,
1082 2511 1195 2545 quum
1226 2500 1315 2535 illud
1349 2500 1453 2537 nobis
1490 2501 1731 2535 necessarium
1763 2501 1875 2540 visum
