2024 3022
177 257 226 300 66
522 252 711 291 cARoLI
748 250 1005 288 FRANCISCI
1043 249 1261 286 ANTONII
1297 244 1522 286 MORREN

185 371 299 407 sectis.
360 369 445 405 'Alia
478 369 624 404 criteria
653 368 736 402 satis
771 367 1009 402 accurateffini
1044 365 1176 410 fallor,
1195 366 1387 411 *descripta
1421 364 1516 401 funt.
1566 364 1670 399 Illam
1698 363 1876 410 Astreczm

183 437 258 478 ‚vidi
287 436 323 470 in
358 434 485 470 Museo
514 447 671 471 eun·-
707 431 799 469 Qrta
826 433 985 468 creditur
1013 445 1060 468 ex
1094 431 1292 468 Brabantia
1319 429 1554 467 Meridioual.

209 728 211 731 .
236 701 337 733 Inter
372 698 486 732 multa
525 697 719 742 specimina
735 719 746 740 ‚
773 707 867 740 quae
898 695 1110 729 referuntur
1139 696 1182 728 ad
1213 681 1339 728 Genus
1361 692 1568 728 ‘Asu-earum
1584 720 1593 735 ‚
1618 695 1673 729 sed
1695 706 1785 739 quae
1806 705 1877 727 non

188 766 340 799 criteriis
374 765 454 813 sagis
487 763 655 797 distinctis
695 763 939 808 insigniuntur
975 768 1016 796 ut
1051 761 1300 795 describantur
1324 760 1389 794 sub
1413 762 1568 806 vulgatis
1591 752 1796 795 nominibus
1819 767 1882 795 aut

189 832 293 865 novis
325 831 582 875 defignentur,
615 829 775 875 plurima
810 827 1002 873 Groningii
1035 834 1114 861 orta
1143 827 1415 870 animadverto,
1436 839 1527 871 quae
1553 818 1882 872 peculiaria'quae-

189 898 270 931 dam
316 896 414 941 ligna
457 895 644 940 praebent.
707 894 797 928 Tale
842 900 896 928 est
927 893 1039 938 illud,
1070 894 1167 938 quod
1199 904 1270 926 non
1308 893 1462 926 multum
1485 895 1650 926 recedere
1674 894 1818 927 videtur
1840 895 1885 927 ab

196 961 338 1008 Astred
370 961 560 996 muricatd
578 985 590 1006 ‚
619 972 711 1006 quae
739 961 925 1007 reperitur
960 960 997 993 in
1020 958 1166 1003 Gallia,
1194 960 1246 992 uti
1269 959 1354 992 dicit
1376 969 1556 992 GoLDFUss
1579 958 1652 992 fine
1677 958 1749 992 loci
1773 959 1888 1004 defig—

190 1030 338 1063 natione
381 1038 562 1073 quamque
603 1038 648 1060 ex
691 1026 859 1070 Grignon
893 1037 1012 1070 prope
1048 1025 1202 1059 Parisios
1239 1025 1376 1070 accepi.
1440 1024 1607 1059 Attamen
1642 1025 1886 1070 'Groningana

190 1095 277 1128 adeo
325 1099 464 1128 mutata
507 1092 591 1126 sunt
611 1117 622 1136 ,
670 1098 712 1125 ut
746 1093 784 1125 in
819 1092 874 1125 his
915 1091 1097 1126 stellarum
1140 1091 1300 1124 lamellas
1339 1092 1544 1135 dignoscere
1574 1103 1648 1124 non
1688 1091 1885 1136 potuerim.

190 1159 322 1194 Notavi
358 1159 429 1192 iam
453 1157 631 1204 Astream
649 1158 829 1203 porofam
868 1168 998 1191 GOLDF.
1036 1163 1209 1201 tanquam
1240 1155 1674 1202 Groni'11³ga''oriundani.'
1708 1156 1885 1200 specimi-

189 1238 236 1259 na
272 1225 384 1259 habeo
425 1236 517 1269 quae
552 1225 746 1258 maximam
777 1223 1019 1257 fimilitudinis
1053 1222 1324 1267 speciem-prae
1358 1222 1390 1255 se
1429 1221 1552 1255 ferunt
1584 1234 1666 1255 cnm
1700 1222 1886 1267 posteriori

190 1291 257 1325 heio
295 1291 434 1335 specie,
469 1289 527 1323 sed
566 1300 658 1333 quae
686 1289 802 1322 oculis
836 1288 904 1321 sese
934 1287 1110 1333 praebent
1150 1287 1293 1320 laminis
1329 1277 1609 1321 incrustantibus
1638 1287 1885 1332 amplisfimis:

189 1357 273 1391 Alia
305 1356 436 1401 species
464 1355 570 1389 etiam
600 1355 644 1388 ad
678 1355 855 1400 perosam
890 1355 1045 1387 maxime
1087 1355 1244 1396 accedit,
1272 1354 1330 1387 sed
1362 1359 1481 1387 tamen
1515 1353 1559 1386 ab
1589 1352 1650 1386 illa
1670 1345 1803 1387 secerni
1822 1353 1886 1386 de-

187 1423 304 1462 beret,
354 1421 473 1456 Etiam
510 1420 653 1455 exhibet
679 1422 804 1454 seriem
835 1420 1052 1454 laminarum
1076 1420 1356 1453 incrustantium
1373 1443 1385 1462 ,
1409 1421 1463 1453 uti
1489 1420 1641 1454 varietas
1671 1432 1778 1464 quam
1805 1431 1887 1452 mo—

194 1491 238 1523 do
268 1489 398 1533 citavi,
432 1487 490 1522 fed
520 1487 564 1520 ab
594 1486 657 1519 illa
685 1486 913 1531 distinguitur
935 1486 1034 1531 poris
1065 1484 1294 1528 rarioribus,
1331 1485 1479 1517 omnino
1513 1485 1720 1529 cylindricis
1754 1491 1790 1519 et
1806 1497 1888 1518 rec-

195 1556 241 1589 tis
267 1555 403 1600 absque
442 1553 524 1588 ullis
554 1553 660 1588 stellis
694 1552 891 1596 distinctis,
927 1550 1123 1585 interstitiis
1154 1550 1288 1595 rugosis
1320 1550 1377 1583 sed
1416 1562 1489 1583 non
1521 1551 1658 1595 porofis
1687 1556 1755 1588 etc.
1805 1551 1888 1585 Ru-

194 1622 251 1666 pis
281 1621 473 1656 substantia
508 1625 563 1653 est
589 1619 707 1653 fimih’s
743 1618 872 1664 speciei
899 1617 1084 1661 Phylladis
1115 1621 1181 1650 aut
1222 1617 1325 1650 filicis
1360 1617 1506 1650 micacei
1540 1622 1609 1652 etc.

247 1752 398 1788 XXVII
423 1752 549 1785 Genus
576 1760 840 1794 cowivamA,
869 1760 1001 1787 eonor.

246 1819 364 1864 Stirps
421 1800 613 1860 calcarea,
653 1827 673 1849 e
710 1815 806 1849 tubis
854 1815 1094 1860 prismaticis,
1137 1814 1340 1860 parallelis,
1382 1815 1582 1860 contiguis,
1631 1815 1888 1862 dissepimentis

198 1885 410 1920 transverfis
453 1890 489 1918 et
534 1883 633 1928 poris
680 1881 1028 1914 communicantibus
1072 1881 1196 1915 nullis.
1259 1875 1358 1915 Tu'bi
1389 1882 1485 1915 intus
1513 1881 1706 1925 lamellofi,
1741 1876 1890 1915 lamellis

199 1952 358 1986 stellatim
389 1950 625 1985 radiantibus.
656 1959 786 1983 GOLDF.
813 1946 950 1981 Petref.
976 1948 1065 1983 fasc.
1094 1948 1124 1982 I.
1152 1961 1191 1992 p.
1221 1959 1280 1993 72.
1308 1948 1403 1982 Gen.
1425 1946 1603 1981 XXXVI.

252 2095 285 2117 1.
342 2082 585 2116 Columnaria
603 2081 810 2125 alveolata,
833 2090 964 2114 Gonne.
986 2080 1121 2117 Petref.
1148 2080 1252 2114 Fasc.
1279 2080 1308 2114 Ι.
1332 2091 1366 2126 p.
1387 2090 1446 2125 72.
1468 2079 1534 2113 N0.
1562 2090 1594 2112 1.
1622 2078 1713 2114 Tab.
1743 2078 1886 2112 XXIV.

203 2151 261 2196 fig.
294 2161 348 2195 17.
390 2161 494 2183 a-0.

252 2218 292 2252 C.
328 2216 610 2262 hemisphaerica
650 2216 689 2261 (Γ.
739 2213 958 2260 subglobosa)
1002 2212 1098 2247 tubis
1137 2223 1157 2247 e
1197 2213 1269 2246 bafi
1299 2212 1540 2247 radicantibus
1575 2211 1825 2257 inaequalibus
1853 2213 1891 2255 (s.

205 2281 443 2327 aequalibus);
469 2281 778 2326 longitudinaliter
813 2280 964 2323 striati33
1002 2278 1150 2313 lamellis
1179 2278 1357 2312 stellarum
1383 2279 1527 2313 remotis
1555 2288 1574 2311 e
1605 2283 1727 2311 centro
1746 2278 1893 2312 radian—

205 2349 300 2383 tibus
337 2355 372 2382 et
408 2348 664 2394 marginalibus
695 2348 856 2382 alternis.

254 2415 313 2448 Ex
338 2414 465 2447 Museo
491 2414 604 2448 Dom.
630 2415 737 2448 Seren
743 2435 855 2450 .....

258 2479 502 2514 Petrefactum
538 2481 738 2515 calcareum
771 2480 963 2517 invenitur
996 2479 1034 2513 in
1071 2477 1219 2523 regione
1250 2477 1510 2523 Gronc‘ngcma.

263 2547 347 2593 Ohs.
399 2545 621 2581 Dubitanter
648 2548 769 2581 refero
798 2547 842 2581 ad
877 2546 976 2580 illam
1013 2545 1163 2591 speciem
1194 2545 1411 2591 polyparia,
1448 2552 1540 2589 quae
1567 2542 1754 2588 Groninga
1788 2543 1893 2581 veni}
