2024 3022
181 236 226 270 54
526 231 713 266 CAROLI
747 229 1007 265 FRANCISCI
1043 227 1261 264 ANTONII
1299 226 1521 263 MORREN

234 348 478 382 Petrefactum
503 346 702 380 calcareum
729 345 913 379 invenitur
939 345 978 377 in
1003 355 1090 388 agro
1117 343 1367 387 Groningano.

238 415 320 459 Ohs.
372 414 472 447 Haec
510 412 729 446 Tzcrbinolia
765 423 880 444 unum
916 416 979 444 aut
1015 411 1104 444 duos
1129 410 1279 455 pollices
1305 415 1359 442 est
1390 408 1484 450 alta,
1524 407 1599 440 sere
1622 407 1772 451 levigata
1798 417 1866 440 ex-

186 481 378 523 trinsecus,
429 477 557 512 cellula
599 477 778 511 terminali
814 476 972 511 concava
987 502 998 521 ,
1047 477 1196 511 lamellis
1241 475 1438 521 granulofis
1455 499 1465 517 ‚
1515 485 1646 518 parum
1694 473 1838 507 elevatis
1853 496 1864 515 ,

186 554 222 580 et
246 547 369 591 parvis
412 545 559 579 sinubus
587 544 768 578 fimillimis
783 567 794 587 ,
820 543 1027 588 aequalibus
1051 549 1087 577 et
1111 545 1156 577 ad
1180 548 1346 577 centrum
1372 541 1566 575 continuis-
1617 540 1674 574 Ad
1708 540 1868 573 calcare-

185 624 247 645 um
272 611 495 644 transitionis
521 611 705 655 pertinere
732 609 888 643 videtur.

236 741 367 775 XXIV
392 742 518 775 Genus
545 751 887 784 cxc-ATHOPHYLLUM,
915 751 1047 775 comp.

234 809 352 853 Stirps
389 809 568 850 calcarea,
608 807 721 840 libera
758 807 815 841 vel
851 808 1040 851 radicans,
1076 818 1095 839 e
1129 806 1268 840 cellulis
1302 804 1623 851 cyathiformibus,
1661 804 1868 846 lmnellofis,

185 886 204 907 e
241 880 364 908 centro
405 875 462 909 vel
499 873 658 918 margine
694 872 878 917 proliferis
923 874 960 906 in
1004 873 1184 917 cylindros
1232 872 1420 906 acervatis.
1474 871 1635 915 Cylindri
1670 871 1868 912 turbinati,

184 941 330 975 solitarii
366 941 423 975 vel
453 940 621 983 sociales,
652 938 880 973 transversim
918 937 1065 982 rugofi,
1098 938 1406 983 longitudinaliter
1440 937 1561 970 striati.

233 1007 371 1041 Cellula
404 1007 603 1040 terminalis
638 1006 801 1039 radiatim
832 1004 1180 1050 plicato-lemellosa.

233 1076 378 1108 Gom,
407 1085 445 1118 p.
472 1074 532 1107 54.
562 1072 655 1107 Gen.
683 1072 847 1108 XXXII.

238 1140 274 1174 T
274 1139 461 1173 urbinolia
477 1164 487 1182 ,
515 1138 747 1183 Hippzcrites
772 1144 867 1172 auct.

237 1205 504 1251 Madreporites
529 1209 627 1237 auct.

237 1271 497 1306 Acer-valada
523 1279 726 1303 scnwnmo.

238 1335 419 1380 Favosttis
443 1335 576 1380 species
601 1344 818 1368 LAMARCKII.

239 1482 272 1502 1.
329 1466 623 1511 Cyatophyllum
649 1466 873 1507 ocellatum,
900 1464 1027 1497 Nobis.

238 1537 280 1568 C.
308 1534 452 1567 affixum
470 1557 480 1576 ,
515 1532 770 1576 caespitosum,
807 1530 916 1564 ramis
943 1528 1083 1572 divifis‚
1122 1527 1393 1572 subcylindricis
1420 1527 1619 1572 saepissime
1645 1526 1876 1572 compresfis,

191 1599 376 1646 luperficie
411 1598 652 1643 pulcherrime
687 1596 884 1638 undulata,
921 1595 1095 1637 ocessata,
1121 1594 1251 1627 cellula
1290 1593 1471 1627 terminali
1506 1592 1564 1627 vel
1598 1593 1874 1638 campanulato-

194 1671 366 1700 excavata
407 1664 463 1698 vel
507 1668 696 1705 truncata,
735 1661 895 1706 margine
929 1666 1027 1694 recto
1060 1659 1263 1705 prolifer03
1297 1658 1448 1693 lamellis
1473 1658 1720 1704 inaequalibus
1745 1669 1881 1693 crenu-

193 1733 285 1766 latis.

246 1797 327 1830 vid.
356 1795 447 1830 Tab.
474 1793 618 1828 XVIII.
647 1791 704 1838 fig.
735 1804 767 1826 1.
795 1791 971 1836 specimen
1001 1791 1246 1835 caespitosum.

646 1857 705 1902 fig.
735 1868 768 1893 2.
795 1856 912 1891 stellae
942 1867 1138 1890 ramorum.

645 1923 702 1970 fig.
728 1924 765 1958 5.
792 1922 994 1968 superficies
1021 1922 1195 1956 undulata
1225 1927 1262 1955 et
1296 1921 1445 1955 ocellata
1478 1931 1673 1955 ramorum.

250 1993 495 2026 Petrefactum
524 1990 723 2023 calcaretim
757 2000 778 2022 e
807 1988 989 2023 montibus
1022 1987 1251 2020 Brabantiae.

251 2059 308 2091 Ex
332 2058 458 2091 Museo
486 2056 543 2089 ΙΙΙ.
568 2066 716 2089 nonrm-

254 2123 338 2169 Ohs.
401 2122 692 2156 Pulcherrimum
732 2119 821 2153 illud
859 2118 1180 2164 Cyatlzopbyllum
1217 2119 1289 2155 fine
1324 2117 1431 2154 dubio
1465 2118 1504 2150 in
1526 2117 1667 2152 viciniis
1687 2116 1882 2153 Bruxefla-

203 2202 286 2223 rum
315 2189 385 2223 fuit
422 2194 620 2234 repertum.
686 2186 876 2232 Speoimen
910 2186 1129 2220 delineatum
1164 2185 1310 2220 exhibet
1339 2184 1532 2230 plerasque
1564 2183 1770 2218 terminales
1801 2182 1885 2216 stel-

205 2256 257 2288 las
294 2255 468 2289 obductas
504 2252 739 2299 prismatibus
770 2251 905 2299 quarzi
930 2251 1079 2295 hyalini
1104 2251 1281 2296 limpidi,
1308 2251 1402 2284 inter
1431 2260 1552 2285 ramos
1584 2249 1712 2284 massas
1741 2248 1888 2293 argilla-

205 2331 295 2354 ceaS.
346 2320 502 2353 Interior
536 2331 620 2364 pars
658 2318 869 2353 divisionum
901 2316 1050 2351 calcarei
1082 2322 1135 2350 est
1165 2316 1366 2360 compacti,
1394 2315 1613 2350 albescentis.
1669 2314 1800 2348 Similis
1832 2319 1885 2348 est

205 2386 332 2431 speciei
365 2397 386 2418 a
410 2385 464 2418 Cl.
495 2397 674 2419 GOLDFths
700 2384 764 2418 sub
790 2384 936 2417 nomine
962 2383 1112 2417 diantln‘
1135 2383 1356 2427 defignatae,
1390 2380 1446 2414 sed
1472 2381 1516 2414 ab
1542 2380 1605 2414 illa
1631 2381 1778 2414 omnino
1812 2378 1886 2413 dif-

208 2451 278 2484 fert
317 2449 420 2483 stellis
457 2462 547 2494 quae
581 2452 675 2484 disco
714 2462 786 2484 non
813 2452 895 2484 sunt
920 2449 1135 2495 proliferae,
1172 2448 1354 2482 stellarum
1379 2447 1533 2483 lamellis
1559 2458 1650 2491 quae
1675 2447 1759 2480 sunt
1783 2444 1886 2478 inae-

212 2517 334 2563 quales
360 2522 396 2550 et
423 2516 567 2549 minime
592 2517 713 2561 pinnis
741 2516 952 2560 distinctae,
981 2521 1017 2549 ct
1041 2514 1252 2560 praesertim
1278 2512 1464 2558 superficie
1489 2524 1673 2548 ramorum
1699 2522 1790 2555 quae
1815 2501 1889 2545 ncn
