2024 3022
424 195 705 234 RESPONSIO
738 205 787 230 AD
824 193 1194 241 QUAESTIONEM
1238 183 1591 233 zoGLOGchM.
1826 213 1848 247 9

158 317 235 356 est;
253 312 408 356 etenim,
435 323 548 357 quum
574 311 768 346 secundum
791 310 1000 345 methodum
1032 311 1088 345 Cl.
1112 320 1286 346 LAMARcK
1301 335 1313 355 ,
1345 322 1439 355 quae
1463 311 1526 345 etsi
1553 311 1754 347 modificata
1776 325 1841 348 ea-

159 379 237 413 dem
268 383 321 412 est
354 389 395 411 ac
428 378 616 412 methodus
649 377 704 411 Cl.
729 386 940 428 eommsss,
988 375 1148 411 nostrum
1189 375 1407 423 opusculum
1436 376 1683 422 diviserimus,
1727 381 1842 414 coacti

157 443 294 478 fuimus
328 443 461 489 species
493 454 606 478 novas
641 447 706 477 aut
737 454 869 488 parum
906 442 1064 488 cognitas
1091 447 1155 477 aut
1188 443 1308 477 minus
1339 447 1506 477 accurate
1538 443 1752 490 descriptas,
1786 445 1842 478 se-

157 509 310 543 cundam
345 510 442 543 illam
490 508 697 542 methodum
735 508 926 550 ordinare3
977 507 1130 553 ideoque
1176 519 1287 553 opera
1327 508 1589 544 antecessorum
1628 510 1842 545 immutandi

157 574 262 609 nobis
293 575 456 610 incubuit
487 574 685 610 necessitas.

206 642 312 687 Opus
358 640 517 675 nostrum
565 640 784 675 exstructum
824 639 897 674 fuit
941 639 1099 673 materiis
1140 650 1185 674 ex
1217 637 1298 685 ipsa
1327 639 1460 673 nature}⁴
1498 641 1718 686 desumptis,
1746 653 1839 686 quae

155 707 313 753 quotidie
352 707 418 740 sub
456 706 570 740 oculis
596 706 830 742 versabantur
861 706 902 740 in
938 704 1058 739 nostro
1089 705 1260 750 Musaeo,
1296 706 1393 751 quod
1419 705 1522 739 nobis
1548 707 1742 752 plerasque
1771 718 1842 740 no-

153 785 215 809 vas
248 772 380 817 species
417 772 603 816 exhibuit,
646 773 717 807 five
758 773 796 805 in
830 772 909 806 aliis
943 771 1130 814 Musaeis,
1170 782 1263 816 quae
1299 770 1520 817 perlustrare
1553 771 1657 805 nobis
1693 772 1841 817 contigit

153 837 400 874 benevolentia
437 838 676 883 quorumdam
711 839 877 873 virorum
915 837 1104 871 admodum
1138 836 1241 869 nobis
1270 847 1465 881 carorum,
1502 848 1660 882 quorum
1694 838 1842 870 nomina

151 904 175 937 fi
211 904 265 938 fas
303 905 390 938 esset
428 903 594 937 lubenter
629 904 688 937 hic
721 914 1001 938 commemorare
1044 903 1186 938 vellem.
1239 903 1324 936 Rati
1356 902 1468 938 verba
1499 904 1561 937 etfi
1599 904 1735 947 optime
1768 903 1844 936 cir-

152 970 366 1014 cumscripta
412 981 541 1004 vanam
578 971 680 1014 saepe
711 975 748 1003 et
777 970 923 1003 omnino
955 969 1204 1013 imperfectam
1232 968 1364 1001 obiecti
1396 969 1493 1013 quod
1527 968 1712 1012 designant
1748 969 1844 1001 ima-

151 1036 268 1081 ginem
301 1034 497 1081 praebere,
539 1035 635 1079 quod
673 1034 793 1068 verbis
837 1046 911 1068 non
955 1034 1098 1078 potuit,
1140 1033 1265 1079 figuris
1300 1038 1383 1067 ante
1415 1033 1538 1067 oculos
1572 1034 1692 1079 posui.
1753 1033 1842 1067 Sin-

152 1101 254 1145 gulas
284 1102 437 1146 species,
462 1112 550 1145 quas
573 1111 684 1135 novas
717 1106 752 1134 et
779 1100 942 1134 nondum
963 1099 1155 1145 descriptas
1179 1099 1383 1133 arbitrabar
1399 1123 1411 1142 ,
1439 1098 1615 1134 delineavi
1634 1123 1646 1142 ,
1673 1099 1843 1133 lectorem

151 1168 269 1212 quoad
302 1167 390 1202 alias
420 1168 466 1201 ad
486 1154 620 1211 figuras
643 1171 706 1200 aut
730 1166 983 1212 descriptiones
1005 1166 1097 1200 alius
1126 1165 1313 1199 cuiusdam
1332 1165 1468 1198 laudati
1487 1165 1646 1199 auctoris
1666 1164 1840 1199 referens.

203 1233 370 1267 Attamen
411 1232 592 1278 propofito
638 1233 916 1266 consentaneum
959 1243 1035 1265 non
1079 1232 1317 1266 iudicavimus
1358 1230 1490 1275 species
1535 1241 1647 1266 novas
1685 1230 1842 1264 nimium

153 1310 306 1333 numero
356 1310 516 1343 augere,
562 1310 678 1343 quum
724 1297 891 1331 animalia
925 1295 1057 1341 quibus
1093 1294 1255 1328 constant
1289 1306 1365 1327 non
1401 1295 1485 1329 satis
1514 1295 1655 1340 integra
1692 1294 1845 1330 manfis-

152 1365 236 1399 sent.
286 1363 398 1395 Nobis
433 1364 527 1394 enim
556 1363 699 1393 difficile
732 1374 807 1391 non
842 1361 967 1391 fuisset
997 1361 1127 1401 speeies
1158 1359 1429 1402 multiplicare,
1458 1359 1535 1393 nifi'
1556 1360 1748 1393 difficultas
1785 1371 1845 1394 eas

151 1428 251 1463 omni
290 1427 410 1473 rigore
447 1426 486 1459 in
523 1424 654 1459 talibus
695 1421 1024 1469 investigationibus
1068 1422 1238 1467 requisito
1276 1423 1560 1467 determinandi‚
1600 1435 1667 1458 nos
1703 1424 1750 1458 ab
1783 1426 1844 1459 in-

153 1500 257 1540 cepto
299 1491 513 1526 retinuisset.
575 1490 684 1533 Quod
716 1501 803 1525 vero
836 1488 916 1522 loca
950 1488 1108 1532 spectat,
1150 1499 1195 1522 ex
1229 1488 1361 1533 quibus
1395 1500 1509 1525 novae
1543 1489 1674 1534 species
1708 1489 1840 1524 oriun-

152 1567 236 1603 tur,
270 1558 462 1606 certisfi'mo
502 1557 608 1591 modo
649 1556 693 1589 de
728 1555 798 1589 illis
842 1554 1002 1588 iudicare
1036 1554 1251 1600 possumus,
1287 1555 1460 1599 quoniam
1493 1554 1530 1587 in
1561 1553 1746 1599 plerisque
1775 1555 1846 1594 sal-f

152 1632 224 1659 tem
260 1625 396 1659 cafibus
424 1623 494 1668 ipsi
528 1623 659 1657 horum
694 1621 816 1654 sumus
849 1620 1070 1655 inventores.

200 1691 385 1735 Quaedam
419 1689 508 1723 mihi
536 1687 729 1732 supersunt
758 1685 906 1719 dicenda
932 1685 976 1719 de
1008 1685 1216 1730 regionibus
1249 1684 1360 1720 nostri
1390 1685 1509 1730 Regni
1534 1686 1734 1731 polypariis
1762 1686 1840 1723 fos-‚

153 1757 274 1791 filibus
306 1754 495 1790 ditisfimis.

201 1822 313 1868 Regio
347 1833 438 1867 quae
471 1820 659 1854 maximam
701 1820 842 1864 copiam
881 1818 1043 1853 continet
1073 1818 1145 1852 fine
1175 1817 1284 1852 dubio
1318 1823 1372 1852 est
1392 1829 1497 1852 mons
1523 1829 1576 1852 ετ.
1595 1828 1704 1852 PETRI
1724 1829 1842 1863 prope

152 1889 358 1922 Traiectum
397 1888 440 1921 ad
483 1886 644 1929 Mosam,
684 1898 790 1931 quem
829 1889 988 1919 montem
1024 1895 1155 1919 mums
1196 1895 1243 1917 DE
1282 1896 1334 1918 ετ.
1378 1895 1498 1928 FOND,
1541 1894 1638 1918 BonY
1674 1895 1722 1919 ετ.
1757 1892 1847 1918 VIN·-'

152 1966 262 1998 cENr,
300 1965 415 1987 nnxm
443 1954 576 1998 aliique
608 1952 779 1998 operibus
817 1952 888 1986 suis
929 1950 1170 1986 illustrarunt.
1229 1950 1304 1983 Iam
1336 1949 1512 1994 pleraque
1544 1950 1738 1994 polyparia
1767 1949 1846 1983 fos-

152 2020 249 2062 filia,
280 2020 440 2065 quotidie
466 2020 515 2053 ibi
543 2030 590 2052 ex
621 2016 719 2052 terra
748 2023 875 2062 eruta,
908 2017 1055 2051 fuerant
1083 2016 1281 2060 descripta,
1318 2016 1376 2049 sed
1405 2015 1566 2049 collectio
1601 2015 1732 2049 harum
1768 2026 1848 2048 ma—

152 2088 350 2130 teriarum,
377 2091 568 2131 antequam
600 2084 735 2130 prodiit
768 2096 860 2129 opus
883 2083 1106 2117 celeberrimi
1132 2093 1339 2126 GOLDFUSS,
1370 2083 1518 2128 incepta
1541 2092 1616 2115 non
1640 2081 1723 2115 fuit.
1779 2081 1849 2114 So-

150 2154 225 2187 lum
242 2177 252 2196 ‚
285 2154 322 2186 in
354 2164 425 2197 quo
457 2152 612 2197 pretiosa
631 2150 693 2184 illa
713 2150 812 2184 orbis
834 2149 1103 2185 revolutionum
1121 2148 1267 2193 vestigia
1295 2147 1432 2182 defossa
1455 2148 1572 2181 iacent
1587 2172 1598 2189 ‚
1621 2159 1752 2192 parum
1780 2147 1850 2179 huc

154 2230 268 2264 usque
316 2224 369 2252 est
408 2218 611 2264 cognitum,
645 2222 680 2250 et
710 2217 812 2250 locus
846 2227 953 2261 quem
988 2215 1128 2249 obtinet
1165 2215 1204 2248 in
1243 2214 1331 2248 serie
1367 2212 1594 2259 geognostica
1627 2212 1848 2246 dubitationi

155 2284 283 2319 subest.
335 2284 478 2318 Etenim
521 2284 672 2328 Geologi
706 2283 828 2328 ipsum
858 2281 1038 2315 collocant
1072 2281 1177 2314 modo
1214 2285 1386 2324 tanquam
1422 2280 1618 2313 transitum
1655 2290 1721 2323 per
1764 2290 1850 2324 gra-

157 2352 244 2384 dum
274 2350 543 2384 adscendentem
579 2351 673 2383 inter
708 2353 850 2382 cretam
878 2347 1034 2392 tofinam
1064 2347 1139 2391 (1),
1167 2346 1330 2380 ordinem
1360 2346 1516 2379 medium
1549 2356 1696 2389 magnae
1731 2350 1849 2378 creta-

1720 2449 1824 2458 ..ψ-,-

189 2503 245 2540 (ι)
268 2502 387 2540 Kornige
406 2501 511 2530 Kreide
533 2502 753 2536 Germanorum,
771 2501 854 2530 Craie
874 2499 979 2536 tuffbau
1001 2501 1160 2530 Gallorum.

1583 2566 1603 2586 {0
