2024 3022
211 228 259 262 48
558 225 748 262 CAROLI
778 224 1039 261 FRANCISCI
1077 224 1294 261 ANTONII
1331 224 1554 263 MORREN

214 340 390 377 madverti
420 345 538 387 potest
570 340 608 374 in
629 340 744 385 specie
770 351 792 373 a
812 349 943 373 eonor.
963 339 1139 386 descripta
1165 340 1229 375 sub
1251 341 1398 374 nomine
1418 340 1468 375 L.
1487 340 1625 386 plicaci
1655 340 1805 387 eiusque
1825 351 1890 374 ra-

210 406 260 439 mi
288 407 324 440 in
355 407 501 440 modum
528 405 662 439 flabelli
695 405 911 450 compresfi,
946 418 1076 451 parum
1113 407 1243 451 crasfi,
1271 407 1530 453 disponuntur.

261 537 354 572 XIX
379 537 506 571 Genus
531 546 826 570 CARYOPHYLLIA·

259 603 496 648 Polyparium
523 602 727 646 lapideum,
760 601 895 646 fixum,
930 601 1079 647 fimplex
1103 601 1160 636 vel
1190 603 1390 647 ramosum,
1423 603 1527 636 caule
1546 603 1727 647 ramisque
1744 601 1894 636 subtur-

208 668 361 712 binatis,
396 667 705 712 longitudinaliter
733 666 883 709 striati83
918 666 1045 700 cellula
1082 667 1191 700 unica
1221 667 1578 712 lamelloso-stellata,
1612 667 1824 702 terminatis.

257 733 357 767 Lm.
383 745 443 767 an.
464 733 489 767 Γ.
512 738 605 768 vert.
625 733 735 766 Tom.
759 733 805 769 11.
824 744 861 777 p.
887 732 972 767 224.

257 874 290 898 1.
344 862 621 910 Caryoplzyllla
637 863 895 908 fasciculam,
925 874 1014 898 ΒΑΜ.

258 929 300 963 C.
337 929 511 974 cylindris
546 928 928 973 clavato-turbinatis,
963 929 1220 975 longiusculis,
1262 942 1282 964 e
1316 929 1433 964 crusta
1467 929 1664 973 surrectis,
1705 929 1897 976 divergen-

204 995 325 1039 tibus,
354 995 535 1028 stellarum
566 995 718 1028 lamellis
754 994 916 1030 exsertis.

251 1062 350 1096 [ΑΜ.
372 1073 430 1095 an.
459 1061 487 1096 s.
508 1067 601 1096 vert.
622 1061 731 1094 Tom.
754 1060 802 1094 ΙΙ.
824 1074 862 1106 p.
887 1060 974 1094 226.

249 1126 438 1161 Alveolite
470 1137 570 1161 mm.
591 1138 644 1160 ετ.
669 1137 775 1161 nono.
798 1126 882 1160 hist.
907 1132 981 1160 nat.
1001 1127 1045 1159 de
1066 1126 1101 1160 la
1123 1131 1234 1161 mont.
1262 1125 1313 1160 St.
1341 1126 1466 1160 Pierre
1488 1138 1530 1171 p.
1556 1137 1640 1160 212.
1664 1115 1756 1163 Tab.
1774 1126 1894 1162 XLII.

250 1191 394 1226 Fosfilis
423 1193 609 1227 invenitur
646 1193 684 1225 in
720 1192 889 1225 cretaceis
920 1203 1036 1236 prope
1070 1191 1317 1225 Maastriclzt.

252 1257 337 1304 obs:
390 1258 571 1292 Dubitans
597 1259 689 1291 hanc
713 1258 862 1301 speciem
889 1257 1053 1302 defign0‚
1091 1269 1204 1302 quum
1233 1258 1311 1302 ipse
1336 1257 1432 1291 illam
1459 1257 1612 1292 fossilem
1639 1270 1712 1292 non
1740 1259 1894 1294 invene-

201 1324 271 1358 rim
297 1328 333 1358 et
357 1335 431 1357 non
454 1323 520 1357 nifi
545 1321 613 1357 fide
637 1323 758 1368 operis
785 1333 887 1358 mm.
918 1323 1165 1358 indicaverim.

248 1469 286 1493 2.
338 1455 610 1501 Caryoplzyllia
635 1453 746 1499 affixa
761 1479 772 1498 ,
809 1454 937 1488 Nobis.

245 1525 287 1559 C.
312 1523 421 1569 stirpe
451 1522 633 1564 solitaria,
665 1521 879 1564 turbinata,
916 1520 1007 1555 laevi
1043 1519 1071 1554 s.
1102 1530 1237 1564 parum
1270 1518 1414 1561 striata5
1450 1518 1545 1552 stella
1580 1532 1762 1565 concava,
1800 1533 1890 1566 pro—

196 1591 329 1634 funda,
375 1589 528 1624 lamellis
571 1587 789 1633 fimplicibus
822 1586 982 1631 margine
1009 1584 1213 1630 asperulis,
1239 1589 1362 1618 centro
1384 1585 1779 1631 asperi-mammilloso,
1813 1588 1891 1621 ele-

195 1662 303 1700 vato,
332 1655 527 1700 aliquando
566 1652 763 1687 deficiente.

242 1722 302 1756 Ex
334 1721 454 1754 museo
483 1731 579 1754 meo.

243 1789 337 1825 Tab.
376 1787 465 1822 XV.
513 1786 572 1831 fig.
612 1797 627 1819 1
670 1791 706 1819 et
749 1796 784 1819 2.
828 1783 1066 1829 microscopio
1099 1784 1273 1817 diametro
1311 1788 1438 1817 auctae
1475 1783 1750 1830 Caryophylliae
1796 1797 1889 1830 qua-

195 1867 278 1890 rum
307 1866 381 1889 una
415 1852 487 1887 fixa
518 1853 556 1886 in
584 1852 703 1897 lapide
721 1876 732 1895 ,
767 1856 891 1884 centro
922 1849 1155 1883 mammilloso
1185 1860 1331 1892 carens,
1355 1849 1467 1883 altera
1491 1854 1611 1883 autem
1630 1850 1771 1895 libera,
1796 1862 1886 1886 cen-

196 1927 254 1955 tro
291 1921 431 1965 integro
458 1918 644 1952 instructa.

245 1985 435 2019 Invenitur
475 1983 602 2017 sosfilis
643 1982 681 2015 in
714 1981 897 2015 montibus
932 1980 1246 2014 filiceo-cretaoeis
1277 1992 1392 2025 prope
1421 1980 1700 2014 Steenokerzeel
1730 1981 1767 2013 in
1794 1981 1886 2016 vici-

195 2053 263 2087 niis
294 2051 524 2086 Vilvoora’en
556 2049 797 2093 (Brabantia).

249 2117 335 2163 obs.
387 2117 487 2151 Haec
524 2114 796 2160 Caryophyllia
826 2113 952 2146 fosfilis
985 2113 1006 2145 5
1042 2116 1106 2145 aut
1140 2111 1162 2144 4
1199 2111 1310 2145 lineas
1344 2111 1508 2144 diametri
1528 2111 1658 2153 habet;
1686 2095 1882 2156 saepisfime

194 2184 361 2218 adhaeret
391 2181 568 2228 lapidibus
608 2181 729 2214 filiceis
766 2185 1009 2213 cretacearum
1038 2189 1246 2212 arenarum.
1296 2177 1399 2211 Duas
1431 2177 1542 2211 lineas
1578 2177 1766 2211 altitudine
1803 2190 1878 2212 non

192 2250 355 2293 superat,
380 2248 476 2282 stella
508 2258 665 2281 concava
684 2251 719 2279 et
737 2244 921 2290 praealta,
949 2243 1154 2278 extremitas
1185 2254 1258 2277 non
1287 2242 1445 2287 margine
1462 2242 1679 2286 incrassato,
1703 2243 1760 2277 sed
1781 2249 1877 2279 recta

193 2319 229 2347 et
265 2320 394 2355 acuta3
431 2313 594 2347 lamellae
636 2323 767 2356 parum
804 2311 987 2354 elevatae,
1020 2309 1152 2353 rudes,
1198 2309 1390 2342 arctisfime
1427 2309 1679 2351 cohaerentes;
1714 2315 1879 2344 centrum

193 2380 295 2424 saepe
328 2378 545 2411 defideratur
579 2378 676 2422 quod
713 2377 910 2412 conditioni
948 2375 1057 2410 fosfili
1088 2375 1320 2409 tribuendum
1355 2374 1427 2409 esse
1463 2374 1635 2409 arbitror.
1698 2374 1877 2408 Pulcher-

192 2446 327 2481 rimum
359 2443 416 2477 sed
453 2442 672 2476 rarisfimum
703 2442 947 2488 polyparium.
1006 2441 1050 2476 In
1079 2440 1180 2475 nullo
1210 2439 1336 2475 Museo
1372 2441 1443 2476 vidi
1478 2446 1513 2475 et
1549 2440 1626 2486 ipse
1657 2440 1764 2474 huius
1801 2450 1875 2474 non

191 2510 255 2546 nifi
286 2513 443 2555 quatuor
469 2507 662 2553 specimina
697 2507 870 2553 posfideo.
