2024 3022
414 190 693 226 RESPONSIO
732 201 781 225 An
819 192 1189 238 QUAESTIONEM
1228 180 1586 233 zooLoGICAm.
1802 200 1849 243 49

203 370 277 405 XX
302 371 428 406 Genus
454 383 606 406 eunom.

202 436 441 482 Polyparium
475 438 683 483 lapideum,
724 436 900 481 liberum,
934 439 1082 482 simplex
1094 463 1106 482 ,
1144 439 1415 484 orbiculatum,
1451 442 1606 487 superne
1642 453 1842 477 convexum

149 507 185 535 et
216 502 435 537 lamellosum
468 515 549 537 cum
585 503 715 536 lacuna
750 503 903 536 centrali
931 504 1104 549 oblonga,
1143 505 1285 540 inferne
1319 518 1519 542 concavum
1552 513 1587 542 et
1619 507 1794 543 scabrum.

199 567 308 602 Stella
353 570 488 612 unica,
534 569 739 612 lamellosa,
786 568 1047 614 subprolifera,
1095 570 1284 616 supernam
1327 572 1549 618 superficiem
1583 586 1762 620 occupans
1791 577 1847 610 la-

152 633 266 667 mellis
290 635 442 668 dentatis
468 640 531 669 aut
555 635 668 668 latere
693 635 842 680 asperis.

199 699 300 733 ΒΑΜ.
327 712 388 734 an.
418 701 442 734 s.
468 706 561 735 vert.
590 701 697 734 Tom.
726 701 773 734 II.
801 712 839 745 p.
868 703 952 735 254.

199 843 231 865 1.
285 832 436 877 Fzmgia
456 832 681 877 patellaris,
710 842 799 866 ΒΑΜ.

200 897 243 929 F.
278 898 514 941 orbicularis,
549 898 674 932 subtus
701 898 859 941 mufica,
887 897 1052 931 radiatim
1078 896 1221 941 striata,
1250 897 1346 931 stella
1370 898 1555 942 planulata
1571 924 1583 942 ,
1609 900 1758 933 lamellis
1785 901 1845 933 in-

150 963 359 1008 aequalibus
386 965 585 998 muricatis.
1019 952 1023 954 v

199 1029 300 1064 LAM.
327 1042 386 1065 an.
414 1030 438 1065 s.
466 1036 556 1065 vert.
585 1029 692 1064 Tom.
721 1030 768 1063 ΙΙ.
797 1041 834 1074 Ρ.
865 1028 953 1062 256.
981 1028 1019 1062 4.

149 1095 300 1129 Lacuna
326 1096 503 1142 oblonga,
529 1097 679 1140 lineari,
706 1096 812 1131 laevi.

195 1162 352 1208 Fungite
390 1173 491 1198 FAUI.
527 1174 578 1196 ST.
613 1173 722 1196 rono-
757 1162 841 1196 hist.
874 1166 950 1193 nat.
990 1159 1033 1191 de
1071 1160 1105 1192 la
1142 1164 1255 1192 mont.
1296 1159 1349 1191 St.
1389 1158 1514 1192 Pierre
1549 1171 1587 1204 p.
1631 1171 1711 1206 199·
1756 1162 1849 1197 Tab.<

150 1227 371 1263 XXXVIII.
398 1227 457 1271 fig.
482 1229 504 1260 5
531 1234 567 1261 et
591 1239 626 1271 7.

202 1294 345 1327 Fosfilis
374 1293 558 1328 invenitur
592 1294 632 1326 in
671 1291 856 1326 montibus
893 1291 1061 1325 cretaceis
1097 1300 1215 1335 prope
1253 1288 1506 1325 Maastriclzt.

205 1360 290 1405 Obs.
341 1360 443 1393 Haec
481 1359 631 1404 Fungia
653 1359 789 1402 optime
811 1363 866 1391 est
884 1357 1069 1398 distincta3
1091 1357 1212 1390 omnia
1233 1357 1377 1390 criteria
1400 1356 1444 1390 F.
1467 1356 1654 1401 patellari
1674 1368 1843 1392 LAMARC—

151 1438 208 1460 1411
240 1426 412 1471 assignata
448 1425 492 1458 ad
526 1426 639 1469 ipsam
671 1423 897 1456 referuntur.
949 1422 1007 1455 Ex
1036 1422 1103 1454 hac
1140 1421 1315 1456 diversam
1349 1421 1498 1466 speciem
1534 1422 1674 1457 efficere
1710 1427 1848 1459 necesse

151 1505 224 1528 non
251 1492 419 1528 iudicavi.

201 1624 295 1658 XXI
321 1624 447 1657 Genus
474 1632 705 1657 cvcnomrns.

203 1691 440 1735 Polyparium
476 1689 682 1733 lapideum,
721 1686 901 1728 liberum,
946 1685 1188 1719 orbiculatum
1222 1685 1279 1720 vel
1305 1684 1529 1731 ellipticum,
1566 1687 1722 1731 superne
1756 1699 1846 1721 con-

153 1768 284 1791 vexum
315 1762 350 1791 et
373 1755 616 1798 lamellosum‚
650 1759 773 1788 centro
805 1750 1062 1793 sublacunos05
1098 1750 1214 1785 infera
1245 1749 1433 1797 superficie
1469 1750 1603 1797 plana,
1638 1753 1747 1786 lineis
1771 1754 1846 1787 cir-

152 1823 334 1858 cularibus
359 1823 596 1856 concentricis
628 1826 786 1855 exarata.
1195 1868 1197 1870 Ι

201 1890 310 1923 Stella
346 1890 453 1922 unica
498 1887 702 1930 lamellofa,
758 1887 950 1931 supernam
993 1883 1214 1930 superficiem
1256 1895 1461 1930 occupans:
1499 1885 1649 1919 lamellis
1675 1887 1844 1921 tenuisfi-

155 1958 220 1990 mis
235 1981 245 1999 ,
273 1956 420 2001 integris
436 1981 446 1999 ‚
475 1954 621 2000 glabris.

198 2023 297 2057 ΒΑΜ.
327 2024 437 2056 anim.
463 2022 489 2055 s.
515 2026 608 2056 vert.
633 2020 739 2053 Tom.
771 2019 819 2053 ΙΙ.
846 2031 885 2064 p.
913 2019 997 2051 252.

206 2088 289 2133 Obs.
339 2088 395 2122 Cl.
430 2098 624 2121 Gotnruss.
663 2086 862 2120 arbitratur
899 2083 1069 2127 Fungias
1103 2092 1309 2116 LAMARCKH
1346 2083 1590 2128 Cyclolitihas
1615 2086 1689 2119 esse
1714 2087 1846 2120 adiun-

159 2156 291 2201 gendas
324 2155 489 2198 hancque
526 2154 735 2200 opinionem
772 2151 993 2197 argumentis
1028 2149 1109 2182 satis
1143 2149 1280 2183 idoneis
1305 2150 1431 2194 fulcit,
1470 2153 1527 2185 sed
1559 2164 1674 2197 quum
1699 2152 1844 2186 illorum

155 2232 327 2266 generum
361 2220 535 2253 distinctio
571 2219 613 2253 fit
638 2219 833 2262 facillima,
869 2216 1058 2251 sententias
1092 2215 1254 2250 Naturae
1289 2218 1532 2253 scrutatorum
1557 2219 1601 2251 de
1625 2216 1691 2252 hate
1716 2230 1756 2252 re
1780 2230 1849 2252 ex-

152 2289 310 2332 spectare
333 2287 420 2320 mihi
445 2286 540 2319 licet.

204 2433 236 2455 1.
291 2419 488 2463 Cyclolites
514 2419 666 2461 alacca,
692 2417 819 2452 Nobis.·
