2024 3022
190 254 239 289 68
533 253 721 288 CAROLI
756 251 1017 288 FRANCISCI
1052 250 1273 287 ANTONII
1306 250 1525 285 MORREN

194 374 265 402 tem
292 368 441 413 speciem
471 367 696 401 Sarcinulae
730 365 930 400 distinctam
957 365 1098 400 efficere
1128 366 1283 401 videtur.
1335 365 1490 399 Exhibet
1519 364 1614 398 enim
1647 364 1771 399 tubum
1796 377 1880 399 rec-

195 440 272 467 tum
315 434 503 468 dissectum
546 434 591 466 ad
638 431 861 477 superficiem
902 438 1088 466 externam
1133 433 1222 466 serie
1258 432 1474 465 laminarum
1506 430 1721 475 planarum,
1749 432 1880 464 conni-

195 499 379 544 ventium,
419 498 611 544 paululum
651 497 742 530 striis
779 497 925 531 radiatis
962 498 1219 532 distinctarum.
1281 497 1349 529 Sed
1385 497 1479 530 inter
1509 496 1621 541 spatia
1653 497 1709 529 his
1741 496 1884 530 laminis

194 564 341 608 effecta,
383 563 582 608 exsurgunt
627 563 745 608 exigui
785 555 865 596 tubi
906 563 1121 607 irregulares
1163 564 1227 608 qui
1259 563 1399 596 laterali
1435 563 1541 596 modo
1575 561 1786 595 intrinsecus
1815 573 1881 595 ex-

192 630 348 663 trorsum
376 634 546 674 pergunt.
597 628 656 662 Illi
692 628 772 662 tubi
800 629 883 662 sunt
909 629 1063 673 cylindri
1097 629 1246 664 concavi
1266 634 1301 662 et
1326 629 1443 663 vacui.
1492 628 1701 663 Nascuntur
1724 627 1827 660 modo
1846 628 1881 660 iu

190 695 323 728 lineam
354 705 484 738 unam,
507 695 612 728 modo
643 694 681 727 in
710 693 799 727 duas
827 700 896 728 etc.
1863 678 1866 681 .

240 760 298 794 De
328 760 383 794 his
410 760 564 794 ulterius
593 760 764 794 disserere
792 771 867 794 non
894 761 1064 806 possum,
1104 761 1190 806 quia
1217 760 1411 806 specimina
1440 770 1532 805 quae
1566 759 1628 793 sub
1662 759 1779 793 oculis
1811 760 1880 793 ha·-

190 825 257 859 beo
290 836 363 858 non
398 826 480 859 sunt
513 825 757 870 integerrima.

238 957 371 992 XXIX
392 956 519 992 Genus
547 967 799 1001 CATENIPORA,
824 967 913 992 ΒΑΜ.

237 1022 484 1069 Polyparium
524 1023 728 1068 lapideum,
759 1034 779 1056 e
812 1023 950 1057 tubulis
982 1023 1167 1068 parallelis
1199 1023 1350 1057 laminas
1379 1023 1565 1059 verticales
1601 1023 1638 1056 in
1679 1027 1755 1057 rete
1787 1034 1879 1056 con-

193 1095 374 1125 catenatas
408 1088 735 1134 constituentibus,
765 1089 1014 1135 compositum.

239 1155 379 1189 Tubuli
405 1156 623 1200 compresfi,
657 1156 758 1189 intus
793 1154 1050 1199 dissepimentis
1080 1154 1291 1190 transversis
1326 1155 1524 1200 intersepti.

237 1221 360 1267 Tabip
365 1221 481 1256 orites
509 1227 606 1255 auct.

236 1365 269 1388 ι.
323 1351 551 1398 Catenipora
575 1350 837 1397 ewharoffles,
868 1363 957 1387 LAM.
988 1363 1122 1387 eonor.
1155 1352 1242 1388 fasc.
1269 1352 1300 1386 Ῑ.
1329 1363 1367 1398 p.
1396 1352 1453 1398 74.
1477 1353 1544 1388 N0.
1574 1364 1607 1389 1.
1637 1352 1728 1389 Tab.
1751 1351 1879 1388 XXV.

184 1420 244 1465 fig.
270 1419 309 1453 4.

235 1485 277 1518 C.
311 1483 456 1518 laminis
487 1481 655 1516 tubiferis
693 1482 910 1517 reticulatim
938 1482 1302 1527 anastnmofanssbus,
1329 1483 1477 1517 maculis
1510 1483 1772 1530 irregularibus
1796 1482 1882 1516 sub-—

189 1550 423 1596 pentagonis,
460 1548 673 1583 tubulorum
703 1548 835 1582 ostiolis
864 1548 1084 1583 lanceolatis.

238 1615 430 1662 Tubipora
454 1613 658 1648 catenulata
686 1625 787 1647 LINN.
824 1613 902 1658 syst.
925 1620 1001 1648 nat.
1021 1614 1105 1648 edit.
1126 1614 1161 1648 5.
1190 1626 1228 1659 p.
1252 1614 1362 1658 5755.

235 1681 432 1725 Millepora
461 1679 678 1713 catenulata.
729 1679 864 1714 Espen.
887 1679 1025 1725 Zooph.
1048 1678 1183 1713 Petref.
1204 1678 1296 1713 Tab.
1317 1681 1352 1714 5.
1377 1678 1433 1724 fig.
1463 1691 1495 1713 1.

241 1745 515 1781 chain-corun.
544 1755 712 1778 PARKINS.
748 1756 876 1790 organ.
913 1756 1003 1779 rem.
1043 1758 1083 1791 p.
1109 1756 1166 1780 20.
1189 1745 1282 1780 Tab.
1303 1746 1339 1780 5.
1364 1745 1423 1790 fig.
1447 1749 1468 1778 4
1483 1769 1494 1789 ,
1514 1745 1551 1778 b.

197 1834 202 1838 -
237 1812 480 1847 Petrefactum
501 1810 701 1844 calcareum
724 1811 911 1846 invenitur
933 1812 970 1844 in
995 1812 1140 1856 regione
1165 1810 1426 1856 Groningana.

243 1879 329 1925 obs.
380 1879 482 1912 Haec
511 1878 644 1922 species
679 1888 753 1909 non
786 1888 869 1910 raro
902 1878 1061 1911 occurrit
1079 1878 1115 1910 in
1141 1877 1219 1910 loco
1241 1878 1362 1910 citato.
1415 1877 1533 1911 Etiam
1554 1877 1670 1911 oritur
1697 1889 1740 1911 ex
1765 1879 1880 1913 calca-

193 1958 255 1981 reo
291 1943 615 1980 Lithanthracibus
652 1942 866 1986 superstrato
903 1944 940 1976 in
980 1943 1235 1988 X'Vestphalia3
1257 1929 1407 1989 reperta
1428 1945 1500 1977 suit
1525 1945 1630 1977 etiam
1654 1945 1689 1977 in
1713 1946 1878 1978 Americfz

191 2011 480 2058 septentrionali,
506 2011 544 2043 in
570 2007 812 2052 Gothlandiet,
840 2008 879 2042 in
909 2009 1051 2043 Eiffelia
1084 2015 1154 2044 etc.
1203 2009 1362 2043 cellulae
1398 2009 1673 2054 longitudinales
1707 2011 1727 2042 5
1759 2017 1820 2044 aut
1853 2014 1875 2045 4

195 2079 309 2112 lineas
338 2078 510 2110 diametro
533 2074 693 2117 habent3
720 2075 935 2120 angulosae,
971 2076 1167 2121 quadratae
1196 2081 1231 2109 et
1254 2076 1509 2121 pentagonales
1533 2075 1626 2109 sunt,
1681 2075 1796 2110 Massa
1822 2077 1881 2109 in-

196 2151 300 2178 terna
323 2143 466 2177 striatur
484 2146 549 2175 aut
567 2141 688 2187 potius
711 2140 871 2175 sulcatur
893 2141 1261 2176 concamerationibus
1283 2141 1605 2187 longitudinalibus
1631 2147 1666 2175 et
1687 2142 1881 2187 parallelis».

245 2286 279 2309 2.
333 2273 562 2318 Catenipora
590 2273 869 2318 labyrinthica,
906 2285 1033 2308 GoLDF.
1056 2285 1095 2318 p.
1123 2275 1182 2318 75.
1207 2264 1298 2308 Tab.
1320 2272 1444 2308 XXV.
1467 2272 1524 2319 fig.
1548 2274 1582 2308 5.
1608 2273 1676 2307 ab.

247 2341 289 2373 C.
321 2340 463 2373 laminis
507 2339 693 2384 tubfferis,
733 2338 1444 2384 contortuplicato-anastomosantibus,
1479 2340 1626 2373 maculis
1669 2339 1885 2384 labyrinthi-

197 2404 397 2447 sormibus,
425 2405 597 2438 tuborum
633 2404 763 2438 ostiolis
795 2404 974 2440 ovalibus.

249 2471 413 2514 Kxomz,
447 2470 584 2506 Petref.
614 2470 662 2505 ΙΙ.
689 2483 727 2516 p.
747 2471 807 2506 65.
830 2471 923 2506 Tab.
943 2471 1012 2506 IX.
1038 2471 1106 2507 N0.
1130 2483 1211 2516 127.
1232 2471 1292 2517 fig.
1317 2472 1354 2506 4.

249 2537 417 2572 MARTnu
432 2560 443 2581 ‚
475 2536 615 2577 Berlin,
637 2536 781 2583 Magaz.
805 2548 822 2580 i
837 2561 851 2582 ,
869 2539 905 2574 5.
930 2549 969 2583 p.
996 2548 1082 2584 270.
1104 2537 1195 2574 Tab.
1216 2547 1252 2573 2.
1280 2536 1340 2583 fig.
1362 2538 1470 2582 5-7.
1493 2542 1560 2572 etc-
