2024 3022
165 241 208 274 16
511 232 699 268 CAROLI
733 228 992 265 FRANCISCI
1025 228 1242 264 ANTONII
1280 225 1502 262 MORREN

212 352 258 385 A.
309 350 487 391 liberum,
522 346 731 392 globosum,
768 343 991 388 sphaericum
1034 343 1226 388 aliquando
1263 340 1458 387 paululum
1499 337 1726 384 depressum,
1750 335 1849 369 fibris

164 417 312 459 crassis,
346 414 508 457 apicibus
539 410 771 446 crassioribus
801 409 1049 454 irregulariter
1085 409 1232 443 coalitis.

218 482 273 514 Ex
299 480 418 514 museo
449 488 542 511 meo.

211 546 304 580 Tab.
332 545 361 578 Ι.
389 543 447 588 fig.
476 554 507 575 1.
536 540 759 575 individuum
795 540 1040 585 magnitudine
1074 539 1245 574 naturali.

387 608 445 654 fig.
473 619 506 643 2.
542 613 577 640 et
607 608 645 640 5.
669 605 780 638 fibrae
812 617 833 638 a
857 606 969 639 latere
1000 611 1037 639 et
1073 611 1177 650 parte
1201 604 1384 649 superiore
1418 602 1523 637 visae.

221 677 409 712 Invenitur
452 679 621 718 ectypum
668 672 784 705 fosfile
822 672 860 704 in
908 670 1023 705 stratis
1069 670 1236 704 cretaceis
1280 667 1526 714 superioribus
1564 665 1655 712 (agri
1685 664 1856 710 Cipliani)

166 755 281 789 prope
320 747 460 775 montes
490 737 793 773 Hannonioram.

220 808 302 853 Ohs.
354 804 627 840 Distinctisfima
660 808 714 836 est
738 803 799 836 illa
828 802 958 846 species
986 807 1021 835 et
1051 801 1198 835 omnino
1232 799 1352 833 differt
1373 811 1394 832 a
1413 799 1628 843 glomerata
1653 796 1708 829 Cl.
1735 804 1853 827 GOLD—

167 884 270 915 ηδε,
298 871 461 917 quamvis
491 869 574 903 huic
608 879 717 913 quam
741 868 819 900 aliis
843 867 955 911 magis
984 866 1116 900 fimilis.
1170 865 1365 910 Discrepat
1389 864 1507 897 enim:
1536 868 1589 898 10.
1619 861 1735 895 forma
1763 870 1854 892 con-

165 939 297 971 stanter
340 935 548 980 sphaerica,
600 938 654 967 20.
692 933 930 978 proportione
972 931 1156 975 partium,
1198 942 1290 975 quae
1323 930 1475 963 maiores
1502 930 1612 970 sunt,
1652 927 1708 959 50.
1740 921 1856 957 forma

166 1005 226 1036 seu
261 1000 375 1046 figura
405 1006 440 1033 et
479 999 709 1044 dispositione
742 997 916 1031 fibrarum
935 1020 946 1039 ,
974 1008 1067 1041 quae
1093 996 1278 1030 crassiores
1310 995 1416 1038 sunt,
1453 1006 1473 1028 e
1506 999 1630 1027 centro
1671 989 1769 1035 quasi
1794 1000 1858 1021 ra—

170 1069 333 1110 diantes,
378 1065 635 1110 agglomeratae
679 1064 719 1096 in
757 1063 872 1108 specie
910 1073 1107 1096 murorum
1136 1061 1357 1096 elevaturum
1387 1059 1546 1105 margine
1576 1057 1750 1091 crasfiore
1781 1060 1858 1087 ter-

169 1134 389 1167 minatorum
411 1155 422 1174 ‚
459 1129 554 1175 quod
592 1128 735 1172 quidem
769 1139 814 1161 ex
841 1128 1064 1172 depresfione
1098 1127 1136 1160 in
1166 1124 1352 1171 superficie
1394 1137 1519 1159 eorum
1559 1125 1742 1171 superiore
1768 1137 1860 1171 pro·-

167 1199 277 1234 venit.
330 1196 492 1230 Maxima
521 1204 784 1238 nonnunquam
809 1193 992 1227 invenitur
1008 1218 1020 1238 ‚
1052 1193 1142 1237 quin
1175 1197 1212 1225 et
1234 1191 1280 1225 ad
1302 1191 1515 1224 diametrum
1535 1190 1559 1224 5
1577 1191 1763 1236 pollicum.

213 1330 249 1362 3.
304 1327 520 1362 'Achilleum
535 1324 778 1370 fangiforme
805 1334 938 1357 GoLDr.
965 1335 1004 1367 p.
1035 1334 1068 1356 1.
1095 1322 1189 1357 Tab.
1219 1333 1252 1355 1.
1281 1321 1340 1367 fig.
1366 1322 1404 1355 5.
1432 1333 1466 1355 a.
1495 1320 1531 1355 b.
1558 1334 1592 1356 c.

216 1405 234 1425 υ
251 1391 297 1426 Α.
324 1393 517 1438 stipitatum
535 1415 546 1433 ‚
574 1389 823 1430 turbinatam,
858 1389 956 1420 infra
992 1387 1261 1420 tuberculosum
1276 1409 1288 1428 ,
1315 1387 1426 1430 supra
1448 1387 1548 1420 rimis
1573 1387 1716 1422 cariosis
1736 1393 1770 1422 et
1790 1400 1862 1433 po-

169 1461 217 1492 ris
248 1457 443 1491 maioribus
476 1455 602 1498 sparfis
634 1452 733 1486 fibris
767 1452 872 1485 dense
899 1451 1107 1494 contextis,
1141 1449 1331 1494 hispidis.'’

218 1523 407 1559 Invenitur
442 1520 557 1555 sosfile
591 1521 629 1553 in
653 1518 836 1552 montibus
859 1517 1200 1551 arenoso-calcareis
1223 1516 1358 1550 montis
1377 1514 1432 1550 St.
1461 1516 1562 1551 Petri
1586 1528 1702 1564 prope
1724 1518 1862 1553 Maas-

168 1591 283 1626 triclzt
309 1595 345 1624 et
371 1588 479 1634 Ciply
504 1597 620 1633 prope
645 1590 785 1618 montes
809 1584 1114 1618 Hannonioram.

222 1656 306 1702 Ohs.
359 1655 442 1687 Hoc
473 1651 690 1687 Achilleum
723 1651 798 1683 fere
823 1661 838 1683 1
867 1656 902 1683 et
926 1649 944 1692 ξ
972 1649 1137 1693 pollicem
1171 1648 1348 1692 adaequat
1375 1652 1410 1680 et
1444 1646 1597 1680 formam
1632 1647 1740 1682 habet
1770 1660 1861 1693 par-

169 1722 247 1757 vuli
279 1720 465 1755 cuiusdam
496 1718 615 1762 Fungi
645 1717 701 1751 vel
721 1716 852 1749 Boleti.
905 1715 1023 1748 Frons
1050 1714 1126 1748 fere
1149 1714 1256 1748 habet
1276 1715 1492 1748 diametrum
1516 1723 1537 1747 2
1556 1713 1750 1758 pollicum,
1776 1716 1861 1750 dum

170 1794 295 1823 contra
325 1798 386 1832 pes
414 1786 473 1819 seu
497 1784 602 1829 stipes
630 1779 843 1816 diametrum
877 1781 1149 1817 transversalem
1167 1781 1188 1813 4
1211 1780 1410 1821 linearum3
1443 1778 1544 1812 frons
1569 1780 1613 1812 ad
1639 1786 1778 1825 partem
1800 1782 1862 1816 su-

169 1858 346 1901 periorem
375 1851 558 1887 nonnullis
590 1849 694 1884 sulcis
724 1847 982 1893 irregularibus
1009 1852 1195 1880 exaratur.
1249 1845 1451 1890 Specimina
1475 1856 1568 1890 quae
1592 1857 1707 1891 prope
1735 1846 1846 1892 Οἰρζγ

173 1927 370 1957 occurrunt
385 1945 396 1964 ‚
432 1920 585 1952 sormam
607 1916 718 1960 magis
743 1914 922 1959 globosam
941 1912 1139 1957 praebent,
1164 1911 1345 1945 interdum
1369 1911 1630 1957 compressam,
1659 1912 1716 1945 sed
1740 1914 1861 1947 omnia

172 1991 259 2023 haec
297 1985 448 2032 proinde
486 1983 608 2016 iisdem
648 1979 913 2015 characteribus
941 1990 982 2012 ac
1013 1978 1199 2013 individua
1238 1976 1375 2010 Montis
1407 1976 1460 2010 St.
1497 1977 1599 2011 Petri
1628 1977 1854 2023 distinguun-

173 2061 234 2088 tur
270 2054 332 2097 (ι).

203 2141 1845 2161 --„,-—.———-—--——————-—-——-———-—

212 2215 267 2251 (ι)
290 2213 364 2241 Add.
386 2221 415 2247 4.
437 2209 592 2239 Achilleum
613 2207 760 2243 cariosum.
801 2207 919 2235 Gornr.
941 2203 1046 2232 Petref.
1067 2211 1097 2238 p.
1116 2210 1163 2239 94.
1182 2202 1237 2231 No.
1260 2210 1303 2231 ιο.
1325 2200 1398 2229 Tab.
1419 2199 1553 2229 XXXIV.
1573 2200 1623 2236 fig.
1641 2201 1670 2230 6.
1690 2209 1719 2228 a.
1738 2202 1767 2228 b.

214 2270 248 2296 A.
271 2267 452 2300 tuberosum,
476 2263 766 2299 carioso-porosum,
787 2261 864 2290 fibris
885 2259 1070 2293 irregulariter
1089 2258 1261 2285 cancellatis.

214 2322 404 2350 Petresactum
428 2322 584 2349 calcar-eum
605 2318 750 2346 invenitur
771 2318 797 2344 in
816 2315 931 2350 regione
953 2313 1141 2346 Groningana.

215 2375 277 2410 Obs.
319 2375 384 2402 Hoc
413 2375 609 2409 polyparium,
639 2373 720 2402 cuius
747 2372 932 2406 fragmentum
959 2368 1009 2396 sub
1037 2367 1147 2394 nomine
1166 2366 1248 2393 huius
1268 2364 1370 2401 speciei
1390 2365 1416 2392 in
1435 2371 1520 2400 opere
1540 2364 1589 2393 Cl.
1608 2371 1760 2393 conoruss
1783 2364 1854 2392 deli·

178 2438 288 2463 meatur,
319 2438 375 2456 non
405 2428 514 2456 videtur
534 2428 565 2455 ad
587 2435 674 2463 genus
693 2426 847 2456 Achilleum
867 2424 1005 2460 pertinere
1019 2442 1028 2455 .
1051 2421 1276 2458 quandoquidem
1299 2419 1462 2448 instructum
1484 2425 1527 2448 est
1548 2419 1622 2448 tubis
1642 2420 1795 2453 hexagonis
1814 2419 1862 2446 ad-

176 2485 292 2513 modum
321 2484 492 2518 regularibus
523 2490 550 2511 et
578 2483 721 2511 distinctis.
761 2480 919 2510 Praesentia
948 2485 1058 2506 necnon
1079 2476 1216 2505 structura
1235 2475 1334 2503 horum
1356 2475 1489 2504 tuborum
1511 2474 1680 2503 indicaretur
1701 2473 1863 2508 organisatio

174 2541 265 2568 multo
285 2539 370 2574 magis
389 2538 516 2574 perfecta
535 2545 617 2573 quam
638 2545 669 2565 ea
689 2537 896 2566 Achilleorum.
936 2533 1033 2572 (Nota
1052 2529 1174 2566 addita).
