2024 3022
425 199 702 236 RESPONSIO
741 211 788 235 Ao
828 199 1197 246 QUAESTIONEM
1237 189 1587 235 ZOOLOGICAM.
1802 202 1845 232 15

714 438 1295 491 OPERA

374 587 551 638 QUAE
591 589 658 630 IN
701 587 839 630 HOC
876 586 1233 630 OPUSCULO
1271 585 1640 628 CITANTUR.

170 1116 376 1141 BOURGUET.
427 1129 438 1140 .
469 1115 481 1140 .’
508 1129 674 1142 .....
702 1074 937 1145 Μόιηοὶῑειε
970 1118 1066 1153 pour
1101 1106 1215 1141 servir
1253 1107 1273 1138 ὲ
1299 1105 1472 1139 l’histoire
1496 1104 1674 1138 natm-elle
1701 1104 1760 1136 des
1787 1103 1859 1135 ΕΚ»

754 1172 981 1209 trifications.
1030 1173 1086 1207 La
1112 1173 1216 1218 Haye
1245 1174 1352 1218 1742.

171 1251 318 1275 num'm.
359 1264 368 1274 .
397 1247 409 1275 ἶ
434 1263 677 1275 .......
708 1240 997 1286 Oryctographie
1031 1241 1074 1273 de
1110 1240 1322 1282 Bruxelles,
1358 1251 1425 1283 par
1460 1250 1487 1273 1.
1515 1249 1553 1271 Η.
1582 1249 1729 1272 Bunux.
1761 1238 1860 1271 Bru*

759 1306 868 1340 xelles
898 1306 1003 1351 1784.
1031 1306 1067 1338 in
1094 1304 1158 1338 fol.
1183 1315 1270 1337 avec
1301 1303 1360 1337 Pl.

169 1381 316 1404 cuva.
359 1393 675 1404 .........
702 1371 928 1402 Recherches
966 1381 1029 1401 sur
1066 1371 1117 1401 les
1155 1380 1336 1402 ossemens
1361 1370 1499 1402 fossiles
1539 1381 1606 1413 pat·
1642 1381 1680 1403 M.
1717 1379 1864 1402 euvusu.

762 1433 870 1469 Tom.
896 1434 944 1468 11.

172 1511 344 1535 DRAPOEZ.
390 1524 673 1536 ........
700 1500 805 1544 Coup
839 1499 944 1533 d’oeil
979 1500 1262 1546 mineralogique
1302 1506 1337 1534 et
1364 1501 1591 1545 Geologique
1617 1512 1681 1534 sur
1709 1501 1742 1533 la
1772 1501 1867 1534 Pro—

758 1566 865 1601 vince
890 1566 939 1600 du
963 1566 1128 1602 Hainaut
1153 1580 1220 1613 par
1246 1580 1286 1603 M.
1315 1579 1484 1602 DRAPIEZ.
1512 1568 1628 1602 Brux.
1662 1568 1767 1602 1825.

175 1645 287 1668 ESPER
291 1656 682 1669 ...........
712 1632 783 1666 Die
816 1632 1104 1667 Pflanzenthiere
1146 1635 1185 1667 in
1222 1634 1477 1679 Abbildungen
1504 1635 1595 1668 nach
1633 1635 1697 1669 der
1733 1635 1865 1669 Natur.

763 1698 927 1733 Nurenb.
956 1699 1064 1743 ¹747·

178 1776 308 1810 amns
333 1776 381 1800 nxz
407 1776 460 1801 ετ.
486 1777 598 1800 FOND.
637 1791 648 1802 .
678 1790 687 1800 .
715 1765 879 1799 Histoire
930 1765 1108 1801 naturelle
1153 1766 1196 1800 de
1240 1767 1275 1800 la
1315 1772 1506 1812 montagne
1554 1765 1608 1800 St.
1656 1765 1781 1800 Pierre
1827 1768 1869 1799 de

769 1831 982 1867 Maestricht
1033 1843 1103 1878 par
1154 1843 1196 1866 Μ.
1241 1843 1371 1867 FAUJAS
1410 1844 1457 1866 οε
1493 1844 1544 1866 ST.
1589 1843 1709 1876 Foxm,
1743 1834 1781 1866 in
1817 1836 1872 1867 40.

771 1898 874 1932 Paris
907 1911 952 1933 an
978 1899 1064 1934 VII.

181 1977 360 2000 GOLDFUSS
364 1988 690 2001 .........
718 1964 921 1999 Petrefacta
944 1965 1063 1999 Musei
1084 1965 1185 2000 univ.
1208 1965 1298 2011 Reg.
1323 1966 1533 2000 Borusfieae
1554 1967 1750 2000 Rhenanae
1773 1967 1876 2001 Bon-

777 2031 895 2065 nenfis
929 2043 995 2065 nec
1019 2043 1094 2065 non
1120 2031 1433 2077 Hoeninghufiani
1458 2032 1719 2078 Crefeldmfis,
1757 2034 1876 2068 iconi-

777 2097 846 2130 bus
875 2101 911 2130 et
935 2096 1104 2141 descript.
1134 2096 1334 2141 illustrata,
1369 2099 1452 2133 seu:

733 2162 986 2209 Abbildungen
1009 2163 1086 2198 und
1111 2163 1422 2210 Beschreibungen
1451 2165 1515 2198 der
1544 2165 1773 2200 Petrefacten
1805 2172 1873 2199 etc.

779 2241 852 2265 von
889 2229 960 2264 Dr.
991 2241 1130 2265 AUGUs‘r
1168 2241 1351 2265 GOLDFUSS
1377 2230 1594 2266 Dusseldorf
1612 2231 1717 2266 1826.
1741 2232 1758 2265 I
1784 2232 1877 2266 Fas-

784 2295 892 2330 cicul.
923 2296 961 2329 in
998 2295 1063 2330 fol.

189 2372 379 2397 GUETTARI)
383 2380 708 2397 .........
734 2361 933 2396 Μόωοίτεε
966 2374 1032 2396 sur
1071 2361 1275 2396 differentes
1313 2363 1451 2408 parties
1478 2363 1521 2398 de
1553 2363 1588 2398 la
1610 2363 1818 2411 Physique,
1841 2366 1883 2398 de

783 2428 973 2463 l’Histoire
992 2429 1194 2473 naturelle‚
1216 2429 1277 2464 des
1303 2430 1459 2465 sciences
1486 2436 1522 2465 et
1545 2431 1605 2466 des
1631 2437 1719 2466 arts.
1748 2432 1769 2464 5
1798 2431 1880 2465 Vol.

787 2494 891 2530 Paris
920 2495 1026 2540 1768.
