2024 3022
437 214 718 252 RESPONSIO
750 225 799 251 AD
840 213 1213 262 QUAESTIONEM
1248 205 1602 253 zobLOGICAM.
1820 232 1863 255 11

228 331 304 367 Etfi
333 342 507 366 numerus
548 331 828 378 polypariorum
859 332 956 366 circa
980 331 1190 367 Traiectum
1222 333 1265 366 ad
1298 332 1458 376 Mosam,
1489 332 1528 365 in
1563 342 1648 378 agro
1683 333 1863 379 Ciplyano

182 403 219 433 et
248 398 287 433 in
317 396 483 433 universa
510 396 708 431 Brabantia
741 397 971 432 Meridionali
1003 397 1046 432 fit
1076 398 1225 443 ingens,
1261 403 1420 432 attamen
1456 397 1562 432 facile
1596 399 1742 434 evenire
1770 412 1862 445 pos-

177 456 230 498 'ret
243 487 256 507 ‚
281 469 324 498 ut
351 464 468 498 adhuc
492 463 638 508 insuper
662 468 869 508 augeretur.
923 464 1033 498 Nunc
1059 464 1156 498 enim
1179 464 1251 497 sola
1274 463 1410 509 optime
1434 462 1620 510 distincta,
1656 464 1721 498 ubi
1744 465 1863 499 iacent

176 527 240 562 illa
271 528 402 564 fosfilia
416 553 428 574 ,
459 528 672 563 referuntur
704 529 750 563 ad
780 529 942 563 ordinem
976 529 1133 563 medium
1170 535 1206 563 et
1239 529 1449 565 inferiorem
1475 535 1625 574 cretae,
1663 531 1720 564 sed
1746 542 1862 576 quum

181 593 322 628 effosfio
356 594 547 628 stratorum
579 594 836 640 superiorum,
875 606 966 639 quae
1004 594 1166 630 constant
1196 606 1240 629 ex
1270 593 1401 629 albida
1432 596 1542 630 cretd
1564 596 1620 630 uti
1644 597 1682 630 in
1706 596 1864 631 Parisio-

178 670 261 693 rum
295 660 458 704 viciniis,
492 665 528 694 et
561 670 652 704 quae
688 660 734 693 ad
757 659 1033 695 Meridionalem
1055 667 1092 695 et
1119 660 1340 695 orientalem
1361 665 1503 705 partem
1525 661 1743 696 Brabantiae
1776 661 1862 694 Me·-

179 725 362 758 ridionalis
395 726 532 759 detecta
563 725 667 770 sunt,
700 725 936 771 sagacisfimae
968 727 1235 773 investigationi
1267 727 1453 761 cuiusdam
1487 732 1641 761 naturae
1681 728 1863 761 scrutato-

178 790 229 824 ris
258 789 428 824 submissa
467 789 608 834 fuerit,
642 791 858 837 sperandum
892 797 946 827 est
976 792 1053 827 fore
1089 799 1128 827 ut
1161 793 1281 828 nostra
1314 793 1460 827 scientia
1488 793 1593 828 novis
1618 793 1864 838 locupletetur

175 855 374 900 speciebus.
434 856 543 891 Tunc
584 856 625 890 in
665 856 792 892 nostris
823 857 1030 903 regionibus
1061 860 1167 894 series
1199 871 1273 893 non
1302 860 1512 905 interrupta
1542 842 1714 893 sosfilium
1750 859 1864 893 trium

177 928 305 956 cretae
342 922 509 956 ordinum
541 928 722 958 occurret.

226 986 441 1020 Provinciae
478 988 591 1032 magis
624 987 745 1022 versus
770 988 964 1023 Meridiem
993 990 1128 1034 pofitae
1162 991 1268 1024 etiam
1302 990 1508 1024 immensam
1530 988 1704 1034 praebent
1723 989 1865 1034 copiam

175 1052 453 1099 polypariorum
497 1052 670 1087 fosfilium
714 1054 962 1099 antiquiorum
1000 1055 1094 1099 illis,
1141 1056 1185 1089 de
1226 1055 1357 1100 quibus
1393 1055 1498 1089 modo
1538 1055 1698 1100 egimus,
1729 1056 1865 1099 quoni-

174 1130 232 1153 am
256 1118 329 1153 sola
355 1118 486 1163 quibus
517 1120 755 1154 continentur
787 1121 870 1154 sunt
901 1120 1117 1155 formatione
1160 1127 1284 1156 cretae
1313 1120 1511 1164 anteriori,
1547 1119 1709 1153 calcaret
1735 1125 1866 1154 trans-

177 1184 304 1219 itionis
342 1189 378 1219 et
409 1185 578 1219 calcat-ei
610 1185 839 1232 magnesiam
848 1211 860 1230 ,
901 1198 994 1231 quae
1031 1199 1114 1222 cum
1140 1188 1212 1221 solo
1250 1199 1272 1220 a
1306 1186 1499 1220 Germanis
1530 1185 1578 1220 fic
1608 1185 1703 1219 dicto
1738 1184 1868 1219 Thon-

168 1251 336 1297 schiefer
365 1252 537 1285 maiorem
565 1257 707 1297 partem
742 1252 965 1287 constituunt
998 1253 1272 1298 provinciarum
1303 1252 1564 1296 Namuoenfis,
1592 1251 1799 1285 Leodienfis
1832 1258 1869 1285 et

176 1316 420 1361 Hannon1ae,
465 1328 547 1350 cum
590 1322 694 1361 parte
723 1318 937 1352 occidentali
970 1323 1006 1352 et
1036 1316 1309 1362 septentrionali
1342 1316 1466 1361 magni
1500 1316 1667 1351 Ducatus
1705 1316 1871 1357 Luxeme,

181 1381 379 1426 burgensis.
430 1380 513 1413 Hae
538 1382 781 1413 exhibuerunt
808 1382 981 1424 quasdam
1000 1381 1132 1424 species
1153 1381 1437 1426 Polypariorum
1463 1382 1661 1426 fosfihum,
1688 1393 1781 1426 quae
1802 1395 1867 1416 co-

177 1447 278 1493 piose
320 1446 440 1492 reperi
481 1446 520 1480 in
552 1445 694 1482 viciniis
725 1445 912 1480 Marchiae
944 1445 983 1479 in
1014 1445 1273 1490 Fammennia,
1304 1446 1537 1492 Rupefortii,
1574 1446 1761 1492 Durbuy,
1798 1454 1866 1483 etc.

180 1512 381 1546 Similitudo
416 1518 451 1547 et
482 1512 648 1546 identitas
680 1512 918 1557 quorumdam
949 1523 1033 1546 cum
1069 1511 1281 1557 quibusdam
1310 1512 1393 1546 solis
1426 1511 1634 1557 provinciae
1655 1512 1868 1558 Groninga-

180 1590 248 1613 nae
293 1579 500 1625 opinionem
530 1579 725 1623 suggerunt
755 1577 869 1613 solum
899 1578 1007 1612 huius
1036 1578 1267 1623 provinciae,
1303 1577 1427 1612 saltem
1464 1577 1503 1610 in
1532 1583 1636 1623 parte
1664 1578 1726 1612 ubi
1758 1579 1870 1624 ΡοΙΥ-Δ

182 1645 284 1691 paria
325 1646 478 1679 fuerunt
519 1649 693 1689 reperta,
728 1643 887 1678 constare
933 1644 1105 1677 calcar-eo
1147 1643 1386 1677 transitionis
1427 1643 1645 1688 (mountain
1683 1644 1869 1689 limesione

183 1710 422 1756 Anglorum).
474 1709 599 1743 Solum
630 1721 651 1742 a
689 1709 880 1743 Germanis
913 1710 1047 1744 dictum
1078 1709 1359 1755 Illussclzelkalk
1392 1710 1489 1743 circa
1517 1709 1634 1743 Arlon
1654 1710 1714 1753 (in
1740 1720 1869 1755 magno

185 1777 334 1810 Ducatu
364 1775 699 1820 Luxemburgenfi)
735 1774 925 1819 praeberet
954 1776 1062 1810 etiam
1079 1799 1090 1819 ‚
1118 1775 1145 1809 fi
1178 1774 1510 1821 investigationibus
1539 1786 1614 1808 non
1634 1780 1846 1819 parceretur
1856 1785 1870 1817 ‚¹

183 1842 448 1876 multitudinem
491 1841 572 1875 satis
606 1845 770 1885 magnam
804 1840 1081 1885 polypariorum
1113 1839 1313 1884 fosfilium,
1346 1840 1500 1885 quibus,
1533 1845 1575 1874 ut
1610 1839 1770 1873 collectio
1800 1851 1871 1884 po—

181 1909 406 1955 lypariorum
439 1906 612 1940 fosfilium
641 1907 678 1939 in
714 1911 818 1951 parte
846 1906 948 1951 regni
983 1905 1213 1939 Meridionali
1240 1905 1513 1939 occurrentium
1550 1904 1711 1950 perfecta
1740 1906 1873 1941 evade-

187 1981 243 2008 ret
258 1999 268 2017 ,
295 1975 442 2019 insuper
461 1974 567 2006 adiici
591 1973 736 2018 possent
754 1972 960 2018 lithophyta
980 1973 1096 2007 filicea
1110 1997 1121 2017 ‚
1143 1982 1236 2016 quae
1261 1982 1335 2005 non
1361 1971 1493 2016 procul
1515 1982 1536 2004 a
1558 1970 1736 2005 limitibus
1757 1982 1873 2017 prope

185 2040 382 2084 Malmedy
426 2044 569 2083 reperta
610 2038 715 2082 sunt,
766 2049 858 2083 quae
889 2039 1007 2071 iacent
1049 2038 1088 2071 in
1128 2036 1200 2070 solo
1244 2047 1264 2069 e
1298 2036 1501 2070 filioeorum
1543 2037 1706 2082 lapidum
1749 2037 1872 2083 agglo-

187 2106 383 2140 meratione
422 2104 603 2139 constante
647 2104 723 2149 (5),
756 2104 890 2138 mirum
926 2105 963 2137 in
990 2103 1135 2137 modum
1163 2103 1200 2136 in
1234 2102 1393 2137 tumulos
1430 2103 1575 2136 conicos
1605 2108 1640 2137 et
1672 2103 1872 2148 segregatos

186 2173 307 2208 diviso.

237 2240 360 2283 Quum
408 2237 484 2281 ipse
523 2236 784 2281 permeaverim
830 2235 1060 2281 provincias,
1099 2244 1188 2279 quas
1220 2233 1326 2267 modo
1355 2233 1506 2267 refertas
1541 2232 1741 2278 polypariis
1772 2234 1869 2276 dixi,

188 2304 276 2338 mihi
306 2302 531 2348 propositum
562 2308 639 2336 erat
668 2308 753 2336 ante
785 2301 910 2336 oculos
940 2301 1117 2335 lectorum
1154 2309 1290 2344 ponere
1314 2298 1438 2331 seriem
1464 2297 1661 2343 perfectam
1685 2299 1874 2344 lithophy-

188 2430 1872 2448 ...m

223 2514 278 2550 (3)
299 2514 457 2552 Poudingue
479 2514 766 2544 Franco-Gallorum
783 2513 805 2543 s.
820 2512 967 2550 Nagelflue
989 2511 1208 2540 Germanorum.
