2024 3022
426 195 707 234 RESPONsm
748 207 796 232 An
832 193 1203 247 QUAESTIONEM
1243 185 1599 236 zoo’LochM.
1812 209 1858 250 69

209 313 398 348 Invenitur
424 312 551 348 fosfilis
575 314 614 347 in
641 312 759 347 stratis
778 313 936 358 regionis
965 311 1249 359 Groninganae.

212 379 298 426 Obss
350 380 451 414 Haec
475 379 703 424 Catenipora
727 379 888 414 occurrit
903 379 1012 413 etiam
1031 380 1069 413 in
1093 380 1252 413 caleareo
1267 380 1490 415 transitionis
1509 381 1696 417 Americae
1711 385 1855 430 septen—

159 446 338 480 trionalis.
390 446 596 492 Specimina
621 457 666 479 ex
696 456 792 480 novo
823 445 910 479 orbe
942 445 1096 479 oriunda
1115 445 1285 480 exhibent
1308 447 1423 492 spatia
1448 447 1544 481 inter
1562 448 1851 485 intersectionem

155 512 323 546 seriorum
348 512 519 546 tuborum
537 511 672 545 referta
695 511 856 545 calcareo
883 523 955 557 quo
978 512 1108 546 illinita
1125 511 1288 547 fuerunt.
1322 513 1364 547 In
1381 513 1628 560 Groninganis
1651 515 1846 551 individuis

157 580 243 613 haec
285 580 398 625 spatia
436 579 518 613 sunt
564 579 648 624 plus
681 579 848 615 minusve
883 590 1021 623 vacua,
1059 579 1164 624 saepe
1202 580 1308 614 viridi
1347 580 1508 614 calcareo
1536 582 1688 628 repleta.
1752 584 1851 618 Tubi

154 645 256 691 saepe
285 656 304 679 2
338 651 399 678 aut
420 646 441 679 5
471 645 619 690 pollices
645 644 707 678 alti
729 645 813 679 sunt
836 650 871 678 et
899 650 940 689 εξ
965 646 1142 680 diametro
1164 646 1320 690 habent3
1344 647 1450 680 sectio
1474 650 1719 684 transversalis
1742 663 1854 696 prae-

156 712 214 745 bet
244 713 367 746 seriem
393 710 612 745 foraminum
644 711 824 756 ovalium,
861 712 1096 757 globulorum
1128 713 1315 747 sacrorum
1347 714 1448 749 seriei
1480 714 1601 751 instar.

201 843 313 878 XXX
340 843 467 877 Genus
494 854 778 889 SYRINGOPORA,
806 855 940 878 comm.
956 855 1004 889 p.
1031 845 1094 889 75.
1122 844 1218 879 Gen.
1242 844 1427 881 XXXIX.

200 911 319 956 Stirps
351 910 388 955 (s.
412 909 665 956 Polyparium)
700 909 860 945 calcarea
884 921 903 944 e
923 909 1021 945 tubis
1043 911 1250 957 cylindricis
1272 913 1456 958 parallelis
1480 913 1536 950 vel
1557 915 1823 962 divergentibus
1837 943 1850 961 ,

153 977 312 1011 remotis.

202 1043 300 1077 Tubi
333 1043 692 1089 diaphragmatibus‚
731 1055 752 1076 e
785 1043 932 1088 fiphone
968 1042 1499 1088 infundibuliformi·prolifero
1527 1051 1648 1080 ortum
1685 1048 1853 1082 ducenti-

149 1110 217 1144 bus
232 1135 244 1154 ,
274 1110 463 1155 intersepti
492 1115 527 1144 et
561 1109 701 1144 tubulis
729 1108 940 1144 lateralibus
966 1109 1153 1155 segregatis
1180 1109 1276 1143 inter
1298 1110 1332 1143 se
1357 1111 1556 1146 coniuncti.

198 1175 403 1221 Tubipom.
455 1175 569 1211 Lxux.

200 1242 440 1287 Tubiporites
463 1249 559 1276 auct.

196 1308 364 1342 Cor-allia
397 1308 565 1344 aliorum.

195 1452 229 1474 1.
281 1439 544 1486 Syringopora
578 1439 793 1485 ramulosa,
820 1450 951 1477 GOLDF.
977 1452 1015 1485 p.
1038 1441 1099 1485 76.
1120 1441 1214 1475 Tab.
1237 1440 1362 1476 XXV.
1384 1440 1442 1488 fig.
1470 1454 1505 1486 7.
1529 1443 1596 1476 ab.

193 1507 229 1541 S.
248 1507 345 1540 tubis
364 1507 638 1541 subdichotomis
655 1531 666 1550 ‚
688 1506 823 1540 tubulis
844 1507 1141 1541 connectentibus
1153 1532 1165 1551 ,
1195 1507 1335 1552 sparfis.

191 1573 427 1618 Tubiporites
450 1583 560 1608 PARK.
585 1584 660 1617 org.
687 1584 778 1606 rem.
800 1572 850 1606 11.
869 1584 907 1618 p.
932 1574 991 1606 15.
1017 1573 1114 1608 Tab.
1134 1574 1171 1607 5.
1192 1573 1251 1619 fig.
1280 1586 1314 1608 1.

193 1640 384 1685 Tubipora
405 1650 542 1673 KNORR.
569 1638 705 1674 Petref.
727 1638 776 1677 ΙΙ.
796 1652 835 1685 p.
866 1640 946 1684 193.
968 1639 1059 1676 Tab.
1078 1640 1256 1686 supplem.
1281 1640 1349 1675 VI.
1372 1641 1441 1676 ΝΟ.
1465 1652 1550 1677 200.
1576 1643 1633 1689 fig.
1661 1657 1695 1679 1.

189 1707 381 1740 Invenitur
413 1705 541 1740 fosfilis
577 1706 615 1739 in
659 1705 819 1740 calcareo
863 1707 1075 1741 transitorio
1114 1708 1293 1741 montium
1331 1720 1448 1754 prope
1487 1708 1590 1744 Olme
1629 1712 1838 1756 provinciae

139 1772 421 1818 Limburgenfis.

192 1838 275 1884 Olgf.
329 1838 428 1871 Tubi
461 1838 568 1871 huius
606 1839 745 1872 corallii
773 1839 854 1873 satis
889 1840 974 1873 sunt
999 1840 1135 1873 admoti
1168 1845 1204 1873 et
1233 1840 1428 1876 cohaerent
1461 1843 1678 1887 quibusdam
1713 1847 1832 1880 inter-

138 1906 239 1940 vallis
276 1906 468 1938 interiectis
503 1905 559 1938 sed
586 1905 857 1950 irregulariter,
893 1906 1036 1952 papillis
1061 1907 1290 1942 nascentibus
1315 1920 1360 1942 ex
1384 1921 1536 1955 corpore
1559 1911 1733 1947 tuborum
1757 1916 1840 1958 pri-—

139 1971 376 2007 mordialium.
425 1970 541 2004 Sectio
574 1972 751 2006 verticalis
780 1971 860 2007 tubi
896 1973 1038 2008 exhibet
1071 1974 1232 2019 capsulas
1262 1986 1307 2008 ex
1339 1987 1404 2010 axe
1427 1978 1609 2018 communi
1632 1980 1835 2024 radiantes,

138 2039 194 2073 sed
223 2038 266 2072 ad
292 2037 430 2083 apicem
457 2037 620 2071 directas.

191 2182 228 2207 2.
278 2170 538 2216 Syringopora
572 2171 796 2214 reticulata,
827 2182 958 2205 GOLDF.
982 2181 1020 2216 p.
1050 2171 1110 2216 76.
1132 2171 1225 2208 Tab.
1248 2173 1374 2209 XXV.
1397 2174 1454 2220 fig,
1480 2176 1515 2210 8.

191 2237 229 2271 S.
262 2236 358 2270 tubis
396 2236 650 2283 subflexuofis,
690 2238 873 2284 parallelis
914 2239 971 2274 vel
1000 2238 1295 2285 divergentibu3‚
1333 2240 1474 2276 tubulis
1508 2246 1831 2292 connectentibus‚

141 2303 482 2339 subalternantibus.

191 2370 382 2416 Tubipora
414 2381 525 2404 PARK.
545 2381 624 2415 org.
648 2382 737 2406 rem.
761 2372 810 2406 ΙΙ.
833 2385 872 2419 p.
903 2374 958 2409 16.
981 2375 1072 2412 Tab.
1098 2387 1131 2411 2.
1159 2376 1217 2422 fig.
1244 2389 1274 2412 1.

194 2438 386 2472 Invenitur
427 2436 558 2471 fosfilis
592 2437 630 2471 in
675 2438 834 2473 calcareo
875 2442 1086 2477 transitorio
1130 2445 1307 2480 montium
1343 2457 1457 2493 prope
1491 2446 1597 2483 Olme
1632 2450 1838 2494 provinciae

146 2504 414 2558 Limburgenfis
443 2509 478 2539 et
508 2505 548 2543 in
588 2505 733 2553 regione
765 2504 1024 2554 Grjoningana.
