2024 3022
411 196 693 235 RESPONSIO
725 211 772 235 An
808 201 1178 247 QUAESTIONEM
1215 192 1570 241 zo6LOGchM.
1782 211 1827 252 57

190 314 409 359 Madrepora
432 326 567 349 ananas
593 325 691 349 mun.
717 327 787 349 am.
815 317 914 350 acad.
942 317 972 351 I.
1001 330 1040 363 p.
1068 328 1130 362 92.
1158 317 1250 352 Tab.
1278 318 1315 352 4.
1342 318 1403 364 fig.
1433 320 1469 353 8.

188 379 423 414 Acervularia
448 380 574 414 celtica
594 391 707 415 scuw.
733 380 881 414 Handb.

191 445 411 490 Madrepora
435 457 568 479 ananas
593 456 701 480 PARK.
729 457 854 490 organ.
884 457 971 480 rem.
1001 446 1093 480 Tab.
1123 449 1159 481 5.
1185 447 1244 493 fig.
1274 460 1308 483 1.

188 511 380 546 Favofites.
429 511 528 546 ΒΑΜ.

191 580 435 613 Petrefactum
471 578 658 613 invenitur
694 578 731 611 in
767 577 928 611 calcareo
961 579 1172 613 transitorio
1199 581 1377 614 montium
1403 592 1518 627 prope
1546 583 1767 620 Namurcum
1798 593 1832 620 et

142 646 178 678 in
217 646 361 690 regione
397 643 656 690 Grom'ngana.

194 711 277 757 obs.
329 711 428 744 Haec
462 711 593 755 species
627 711 773 743 omnino
801 723 822 744 a
846 716 1064 755 pentagono
1104 712 1262 756 diversa,
1298 713 1536 759 fingularibus
1561 717 1713 751 criteriis
1740 730 1832 762 quae

146 779 185 810 in
223 775 289 810 hesic
324 776 514 820 posteriori
546 775 809 818 observantur3
863 775 968 809 habet
1007 776 1153 810 cellulas
1195 778 1432 823 hexagonales
1478 780 1547 814 five
1578 784 1831 828 pentagonales

145 843 401 888 magnitudinis
427 843 558 876 variae.
611 842 792 876 Lamellae
823 842 1017 876 admodum
1055 843 1236 888 regulares
1271 845 1368 878 etin
1396 846 1503 879 radiis
1539 849 1716 892 contiguis
1755 850 1831 882 dis-

146 908 309 954 positae:
371 908 466 941 unde
514 907 554 942 fit
608 907 704 952 quod
745 907 978 941 dimensiones
1028 910 1224 954 marginem
1279 910 1498 954 superiorem
1549 913 1716 957 rugosum
1766 915 1832 947 ha—

145 974 243 1007 bent.

197 1106 232 1139 8.
285 1104 604 1149 Cyatkophyllam
640 1104 896 1148 turbinatam,
932 1115 1062 1138 comm.
1098 1117 1138 1150 p.
1174 1105 1234 1138 56.
1270 1104 1363 1139 Tab.
1397 1105 1504 1141 XVI.
1530 1106 1590 1153 fig.
1615 1108 1650 1142 8.
1677 1111 1781 1144 a—h.

197 1170 239 1204 C.
284 1171 507 1204 turbinatum
555 1171 612 1204 vel
653 1170 892 1213 obconicum‚
948 1170 1179 1213 subrectum,
1226 1170 1424 1205 solitarium
1473 1173 1531 1207 vel
1578 1175 1830 1220 caespitosum,

151 1234 280 1270 cellulz‘i
327 1235 508 1270 terminali
547 1236 706 1280 margine
749 1242 871 1278 recto,
916 1240 1040 1268 centro
1079 1235 1256 1269 disco'ideo
1288 1236 1541 1280 planiuscu103
1574 1240 1724 1274 lamellis
1749 1241 1835 1275 sub—

149 1300 360 1346 aequalibus
375 1326 386 1344 ‚
414 1301 624 1334 crenulatis.

197 1367 420 1412 Madrepora
461 1366 647 1400 turbinata
691 1377 793 1399 mnu.
840 1377 910 1400 am.
965 1377 1018 1400 ac.
1065 1365 1095 1398 Ι.
1133 1365 1226 1399 Tab.
1262 1368 1298 1403 4,
1333 1376 1456 1400 nspmz.
1504 1369 1697 1405 Petrefact.
1742 1371 1834 1407 Tab.

151 1443 185 1466 2.
214 1431 275 1476 fig.
302 1441 318 1463 1
337 1456 348 1476 ‚
367 1432 405 1465 4.

200 1480 425 1531 Turbinolia¹
451 1497 633 1530 turbinata
658 1507 746 1530 ΒΑΜ.
767 1507 826 1528 an.
855 1496 879 1530 Γ.
901 1501 991 1531 vert.
1016 1496 1063 1530 II.
1088 1509 1127 1542 p.
1150 1499 1232 1531 251.
1261 1497 1330 1531 N0.
1359 1507 1397 1531 2.·

199 1562 446 1597 Petrefactum
475 1561 677 1595 calcareum
705 1573 723 1593 e
755 1560 916 1594 calcareo
950 1562 1159 1596 transitorio
1190 1562 1393 1597 nostrarum
1424 1564 1695 1608 provinciarum
1727 1567 1839 1600 meri-

151 1628 359 1662 dionalium.

207 1693 290 1739 Ohs.
356 1692 458 1725 Haec
491 1693 622 1737 species
654 1692 749 1725 finus
778 1692 1030 1727 transversales
1066 1698 1102 1725 et
1130 1693 1323 1727 annulares
1352 1694 1487 1738 optime
1517 1694 1697 1729 distinctos
1733 1696 1838 1730 exhi-—

154 1760 224 1793 bet.
276 1759 482 1804 Specimina
521 1770 613 1803 quae
664 1757 736 1792 vidi
774 1758 907 1792 habent
947 1759 1142 1802 veficulas,
1186 1760 1424 1804 praecipuum
1450 1760 1577 1804 speciei
1602 1761 1698 1794 illius
1730 1763 1841 1796 crite-

153 1827 272 1869 rium,
308 1837 380 1858 non
424 1829 566 1857 tantum
597 1824 634 1856 in
669 1823 801 1866 stellis,
848 1824 903 1857 sed
935 1825 1040 1858 etiam
1079 1825 1116 1858 in
1154 1825 1293 1870 integra
1330 1826 1431 1870 pedis
1465 1832 1529 1860 aut
1568 1828 1650 1860 coni
1685 1827 1840 1873 superfi-

155 1891 220 1924 cie.
272 1891 378 1923 Unde
408 1889 565 1923 dubitari
601 1890 721 1934 posset
750 1895 873 1923 utrum
911 1891 976 1924 hae
1012 1891 1226 1925 eminentiae
1263 1892 1459 1937 papillares
1489 1893 1700 1927 inhaereant
1732 1906 1842 1940 orga-

156 1957 319 1990 nisationi
356 1956 463 1989 huius
499 1955 774 2001 Cyatlzoplzyllc]
799 1968 938 1999 necne,
975 1963 1010 1990 et
1047 1958 1144 1991 credi
1173 1958 1290 2002 posset
1320 1958 1398 1991 illas
1434 1959 1506 1992 esse
1542 1960 1718 2004 producta
1751 1961 1845 1994 alio-

157 2034 237 2056 rum
271 2021 475 2055 animalium
498 2021 630 2066 quibus
656 2021 772 2064 fossile
804 2023 981 2066 specimen
1004 2021 1163 2055 nostrum
1184 2021 1380 2057 obductum
1396 2025 1496 2057 esset.

209 2164 244 2197 9.
300 2152 615 2196 Cyatlzoplzyllam
658 2153 915 2198 hexagonum,
957 2164 1088 2187 conor.
1139 2165 1176 2197 p.
1232 2153 1292 2188 δι.
1334 2153 1425 2190 Tab.
1472 2154 1559 2188 XX.
1598 2154 1656 2199 fig.
1702 2165 1732 2189 1.
1774 2156 1841 2190 ab.

161 2219 252 2255 Tab.
284 2218 390 2252 XIX.
413 2217 472 2263 fig.
496 2219 533 2253 5.
561 2219 661 2252 a-f.

209 2287 251 2319 C.
292 2285 520 2330 caelpitosum
566 2285 638 2327 (vel
668 2284 829 2330 fimplex)
870 2285 968 2318 conis
1002 2297 1021 2318 e
1060 2284 1196 2329 fingulo
1228 2285 1393 2329 pluribus
1424 2286 1629 2330 proliferis,
1660 2287 1840 2321 radianti-

160 2353 250 2395 bus,
294 2352 453 2394 coalitis,
490 2350 740 2394 subflexuofis,
786 2350 1141 2396 rugoso-annulati3‚
1188 2351 1324 2385 cellulis
1364 2352 1612 2387 terminalibus
1647 2365 1841 2398 campana-

162 2418 438 2454 lato-excavatis
476 2417 675 2462 contiguis3
709 2416 817 2450 limbo
852 2417 1010 2460 reflexo,
1044 2418 1225 2462 hexagono
1259 2418 1316 2452 vel
1347 2423 1546 2463 pentagono
1588 2419 1710 2454 sutura
1740 2431 1839 2453 mar-

163 2487 280 2531 ginato
299 2510 309 2530 ,
343 2483 493 2518 lamellis
530 2483 738 2529 aequalibus
767 2482 1046 2517 remotiusculis.

1587 2551 1608 2581 8
