2024 3022
413 216 693 252 RESPONSIO
732 229 780 252 An
817 216 1192 261 QUAESTIONEM
1229 210 1582 255 ZOOLOGICAM.
1791 224 1837 266 59

202 333 345 367 Fosfilis
393 333 578 367 invenitur
632 333 669 366 in
714 333 830 366 stratis
878 333 1239 370 arenoso-cretaceis
1288 336 1420 370 montis
1465 336 1517 369 St.
1575 335 1675 370 Petri
1721 347 1833 381 prope

154 399 401 433 Maastricht.

206 465 291 510 obs:
355 465 550 498 Anfractus
580 464 689 496 huius
706 462 960 496 Meandrinae
991 465 1073 498 sunt
1098 465 1423 510 subpolygonales‚
1452 468 1547 500 inter
1577 467 1609 500 se
1643 466 1831 500 confluen-

153 536 218 564 tes.
270 530 452 564 Lamellae
481 529 656 573 exiguae,
692 529 912 572 parallelae,
937 529 1031 562 inter
1066 529 1101 561 se
1131 530 1300 565 exhibent
1325 533 1370 565 ad
1397 532 1492 565 bafin
1525 532 1670 565 cellulas
1704 533 1835 566 discis—

154 596 207 628 sas
253 595 440 640 plicaturis
486 594 623 638 exiguis
667 593 881 637 interruptis
936 599 971 627 et
1009 594 1280 639 irregularibus.
1354 597 1539 640 Quosdam
1588 597 1736 642 pollices
1781 604 1834 631 est

154 660 285 705 ampla.

208 790 338 825 XXVI
363 791 488 824 Genus
514 801 664 825 ASTREA.

211 856 448 901 Polyparium
487 856 693 900 lapideum,
740 855 874 899 fixum,
915 857 1220 900 conglomeratum
1254 859 1477 902 incrustans‚
1517 860 1573 894 vel
1616 862 1653 893 iu
1692 861 1840 895 massam

160 921 401 966 subglobosam
442 933 526 953 raro
556 921 711 954 lobatam
746 926 988 966 aggregatum.
1662 919 1668 921 “

210 986 377 1032 Superna
411 985 614 1031 superficies
651 985 755 1019 stellis
790 986 998 1019 orbiculatis
1025 991 1090 1020 aut
1126 988 1393 1033 subangulatis,
1427 989 1642 1034 lamelIofis,
1665 990 1838 1025 sesfilibus

157 1052 309 1086 obtecta.

207 1118 307 1152 LAM.
333 1116 442 1151 anim.
471 1117 496 1151 s.
522 1120 614 1150 vert.
641 1115 749 1148 Tom.
773 1114 823 1149 II.
849 1126 887 1159 p.
916 1116 1001 1159 257.

207 1183 363 1217 Additur
408 1194 429 1215 a
482 1191 705 1215 GOLDFUSSIO
749 1179 988 1225 Polyparium
1036 1182 1206 1224 componi
1248 1182 1385 1217 tubulis
1427 1182 1613 1218 lamellofis
1661 1185 1840 1230 parallelis

163 1247 219 1283 vel
249 1246 498 1290 radiantibus,
535 1251 598 1280 aut
627 1245 826 1290 contiguis,
857 1249 922 1278 aut
946 1245 1059 1278 massa
1092 1245 1279 1280 interiecta
1314 1248 1528 1282 coniunctis.

214 1391 246 1412 ι.
297 1378 438 1422 ΑΙὶνεα
466 1378 702 1423 granulata,
723 1376 851 1410 Nobis.

210 1443 258 1479 A.
292 1442 513 1485 incrustans,
557 1442 737 1486 expansa,
780 1439 1061 1482 lamelliformis‚
1098 1438 1203 1472 stellis
1237 1439 1509 1484 inaequalibus,
1538 1443 1740 1488 angulatis,
1777 1456 1843 1479 ex-

167 1509 292 1551 sertis,
337 1508 539 1552 contiguis,
587 1505 1039 1550 excavato-campanulatis
1054 1517 1065 1547 ;
1117 1504 1267 1538 lamellis
1311 1506 1598 1551 irregularibus,
1649 1508 1842 1555 brevibus,

167 1579 291 1608 centro
324 1584 463 1616 vacuo,
498 1571 698 1605 interstitiis
734 1571 945 1616 granulatis.

215 1639 300 1673 Vid.
334 1637 426 1671 Tab.
460 1636 567 1670 XIX.
615 1635 673 1682 fig.
709 1647 742 1670 1.
777 1636 956 1680 specimen
982 1636 1177 1680 expansum
1203 1635 1464 1681 magnitudinis
1491 1641 1690 1682 naturalis3
1716 1639 1775 1684 fig.
1804 1653 1840 1676 2.

165 1704 294 1738 cellula
319 1705 482 1747 separata
516 1702 613 1735 lente
643 1714 684 1735 lo
706 1702 813 1735 diam.
839 1706 958 1735 aucta.

222 1770 469 1803 Petrefactum
505 1768 702 1801 calcareum
728 1767 915 1801 invenitur
941 1767 981 1800 in
1022 1767 1166 1811 regione
1203 1766 1460 1812 Grom'ngana.

220 1834 304 1881 Obs.
354 1835 455 1867 Haec
483 1832 630 1866 Astrea
651 1832 862 1877 amplisfime
883 1831 1094 1866 incumbens
1122 1833 1283 1865 calcareo
1312 1833 1461 1866 fortasse
1485 1834 1711 1869 transitionis
1733 1846 1845 1879 prae-

168 1900 285 1933 sertim
308 1900 440 1932 eminet
457 1898 654 1931 interstitiis
679 1897 809 1942 quibus
827 1897 1041 1942 separantur
1062 1897 1234 1940 cellulae,
1259 1909 1413 1942 quarum
1435 1899 1614 1943 margines
1637 1900 1841 1935 efformant.

169 1965 262 1998 Sunt
291 1965 384 1998 enim
417 1963 647 2009 granulosae,
676 1963 789 1996 veluti
823 1962 1021 1997 constantes
1060 1963 1196 2008 exiguis
1233 1964 1405 2007 punctis,
1441 1964 1563 2008 duris,
1599 1966 1644 1999 ad
1680 1967 1846 2001 amusfim

167 2011 309 2063 directis
325 2054 335 2072 ,
365 2029 624 2073 agglomeratis.
677 2028 764 2061 Pori
786 2039 861 2061 non
880 2028 1013 2062 lineam
1035 2029 1207 2062 diametro
1233 2029 1445 2073 adaequant.

218 2171 253 2194 2.
304 2159 449 2194 Astrea
469 2161 633 2205 por-osa,
658 2171 789 2193 GOLDF.
823 2158 958 2194 Petref.
994 2159 1081 2193 fasc.
1119 2159 1147 2194 I.
1183 2172 1220 2204 p.
1250 2160 1312 2193 64.
1341 2159 1407 2194 N0.
1428 2171 1463 2194 2.
1482 2161 1574 2195 Tab.
1598 2162 1703 2197 XXI.
1728 2162 1784 2208 fig.
1811 2174 1844 2208 7.

171 2238 274 2270 a—g.

221 2290 267 2325 A.
297 2288 526 2334 fungiformis
552 2289 609 2324 vel
641 2289 869 2334 subramosa,
901 2288 1006 2323 stellis
1036 2289 1271 2334 aequalibus,
1311 2291 1458 2325 remotis
1492 2293 1694 2334 excavatis3
1723 2293 1849 2328 lamel-

172 2358 214 2390 lis
248 2357 364 2398 raris,
397 2354 593 2388 interstitiis
630 2356 780 2399 porofis.

221 2422 278 2455 Ex
304 2421 425 2454 museo
459 2419 568 2455 Dom.
605 2419 715 2454 Seren
720 2443 834 2455 .....

222 2487 412 2523 Invenitur
433 2486 676 2521 Petrefactum
706 2486 909 2521 calcareum
933 2486 970 2520 in
994 2486 1136 2531 regione
1163 2484 1423 2531 Groningana„
