2024 3022
394 202 679 239 RESPONSIO
716 215 764 238 AD
806 202 1176 250 QUAESTIONEM
1218 192 1571 239 zo6LOG10AM.
1791 207 1838 252 57

192 384 226 417 5.
277 382 467 427 Retepora
493 384 671 429 trigona,
699 383 825 418 Nobis.

193 448 240 483 R.
275 448 526 492 frondescens,
561 448 736 493 arborea,
775 450 937 492 ramosa,
975 450 1128 483 ramulis
1151 450 1360 484 dichotomis
1386 450 1554 493 triedris,
1584 450 1683 495 poris
1711 450 1840 484 alteri-

144 527 187 548 us
223 515 346 548 lateris
377 514 638 548 orbicularibus
676 515 733 550 vel
766 516 948 560 quadratis
980 517 1190 559 prominulo
1223 518 1382 562 margine
1416 518 1566 561 cinctiS,
1601 517 1746 562 oblique
1781 519 1837 551 se-

144 581 243 614 riatis
261 605 270 623 ,
295 581 449 614 distichis
465 605 475 623 ‚
502 581 614 613 latere
640 580 804 626 oppofito
830 581 965 625 plano,
992 581 1100 616 laevi.

195 646 281 680 Vid.
309 646 400 679 Tab.
429 645 477 679 X.
504 646 562 690 fig.
594 657 625 681 1.
651 646 828 690 specimen
853 647 1033 691 integrum
1060 648 1172 692 duplo
1201 653 1364 682 auctum.

502 711 562 756 fig.
590 723 625 745 2.
654 711 894 756 fragmentum
924 713 1076 756 decuplo
1103 718 1249 746 auctum
1276 713 1403 746 faciem
1437 712 1633 757 poriseram
1656 714 1840 749 exhibens,

500 776 559 821 fig.
587 778 623 811 5.
651 776 894 821 fragmentum
932 778 1084 811 alterum
1128 777 1218 810 facie
1247 778 1341 811 laevi
1377 778 1573 822 depictum.

198 843 448 887 Archetypum
486 842 603 876 fosfile
634 854 654 874 e
671 843 788 876 stratis
812 843 964 877 calcarei
982 843 1092 887 grossi
1118 843 1225 875 Uccle
1249 855 1366 887 prope
1388 844 1591 880 Bruxellas.

199 908 282 954 Obs.
346 909 446 942 Haec
479 909 722 953 pulcherrima
758 909 970 954 Reteporae
1009 910 1142 953 species
1179 909 1371 942 altitudine
1406 921 1519 942 unum
1557 910 1632 943 fere
1670 913 1843 944 centime-

146 981 244 1009 trum
292 975 466 1019 adaequat
502 981 537 1007 et
579 975 839 1019 quodammodo
882 976 1049 1019 congruit
1085 986 1167 1007 cum
1198 974 1391 1019 Retepora
1417 975 1572 1019 disticha
1599 987 1779 1010 commuss
1805 978 1841 1009 in

146 1046 268 1075 monte
302 1041 412 1074 sancti
446 1041 548 1073 Petri
578 1041 749 1082 inventa3
777 1046 831 1073 ast
858 1040 901 1072 ab
933 1040 995 1072 illa
1024 1045 1143 1072 tamen
1176 1040 1373 1083 discrepat:
1418 1044 1457 1072 10
1483 1040 1620 1073 cellulis
1653 1052 1745 1084 quae
1770 1053 1843 1074 nou

147 1107 332 1141 tubulosae
364 1107 432 1140 dici
455 1106 629 1150 possunt,
655 1111 695 1139 20
727 1105 844 1138 forma
874 1106 1016 1150 trigona
1051 1117 1238 1139 ramorum
1256 1130 1266 1148 ‚
1293 1107 1336 1139 50
1362 1106 1499 1140 diversa
1531 1107 1568 1139 in
1604 1107 1719 1140 stratis
1749 1108 1845 1153 globi

148 1173 331 1218 terraquei
367 1172 552 1218 positione.
619 1171 777 1204 Cellulae
811 1171 893 1204 satis
930 1170 1011 1204 sunt
1049 1172 1389 1216 appropinquatae,
1428 1172 1534 1216 saepe
1568 1173 1760 1206 secundum
1799 1173 1847 1206 li-

148 1250 252 1271 neam
282 1238 463 1282 obliquam
494 1237 707 1281 dispositae,
748 1236 1003 1278 ascendentes,
1028 1248 1119 1280 qnae
1150 1237 1194 1269 ad
1223 1238 1334 1269 aciem
1371 1239 1589 1271 anteriorem
1622 1240 1681 1272 seu
1706 1239 1750 1271 ad
1777 1250 1846 1272 ex·-

151 1303 365 1336 tremitatem
405 1302 497 1335 alius
533 1301 654 1334 fimilis
687 1301 791 1334 seriei
824 1302 1080 1334 terminantur.
1140 1301 1197 1334 Ad
1225 1313 1348 1334 earum
1382 1302 1604 1336 iunctionem
1632 1302 1845 1339 observatur

150 1368 282 1402 cellula
312 1368 427 1401 maior
462 1368 499 1399 in
525 1367 601 1399 acie
624 1366 702 1409 ipsa
722 1367 913 1409 dispofita,
944 1378 1015 1410 quo
1034 1366 1098 1408 fit,
1124 1360 1163 1399 ut
1188 1367 1275 1399 haec
1302 1367 1481 1410 postrema
1503 1368 1558 1400 hic
1579 1374 1614 1401 et
1632 1368 1705 1402 illic
1727 1369 1846 1402 inter-

149 1438 260 1479 rupta
302 1432 454 1477 speciem
493 1430 616 1464 cristae
655 1441 721 1474 per
764 1430 914 1474 angulos
956 1430 1110 1475 plicatae
1155 1430 1338 1474 praebeat.
1400 1432 1511 1465 Hisce
1546 1433 1842 1468 considerationi-

149 1499 239 1542 bus,
278 1503 320 1532 ut
347 1509 425 1531 eam
458 1502 629 1541 tanquam
661 1506 793 1530 novam
820 1495 968 1539 speciem
1005 1495 1197 1539 haberem,
1227 1497 1399 1530 inductus
1430 1497 1495 1532 fui.

198 1633 232 1667 6.
283 1631 473 1674 Retepora
499 1628 730 1671 cancellata,
757 1638 890 1661 GOLDF.
914 1639 953 1671 p.
980 1628 1062 1661 105.
1083 1628 1148 1661 N0.
1177 1628 1212 1661 8.
1243 1627 1337 1663 Tab.
1360 1628 1542 1665 XXXVI.
1569 1630 1628 1675 fig.
1658 1642 1714 1675 ¹¹7·
1742 1633 1809 1665 ab.

196 1699 244 1732 R.
283 1697 481 1738 clathrata,
526 1694 847 1728 ramificationibus
886 1693 1098 1727 transversis
1148 1694 1323 1727 teretibus
1366 1695 1688 1740 longitudinalibus
1721 1698 1844 1732 subtus

149 1762 638 1808 compresso-subcarinatis‚
673 1771 849 1805 pororum
886 1759 1041 1793 seriebus
1080 1759 1290 1794 transverfis
1329 1760 1381 1793 ad*
1415 1762 1528 1795 latera
1564 1763 1737 1796 interiora
1769 1764 1846 1796 ‹lis-

149 1829 282 1875 positis-

197 1896 446 1940 Archelypum
480 1894 596 1927 fossile
623 1894 807 1926 invenitur
842 1894 880 1927 in
909 1897 1032 1926 monte
1063 1892 1114 1926 St.
1154 1892 1269 1927 Petri.

203 1961 287 2006 Obs.
351 1959 447 1994 Tubi
478 1960 589 2002 recti,
620 1959 814 1992 dichotomi
843 1958 1015 2003 parallelo
1047 1958 1152 1991 modo
1183 1960 1278 1992 inter
1316 1960 1349 1992 se
1384 1960 1630 1993 extenduntur
1662 1966 1696 1993 et
1734 1973 1844 2006 prae-

150 2030 235 2063 bent
278 2028 322 2060 ad
361 2027 455 2060 latus
493 2028 676 2060 internum
725 2025 813 2058 alios
853 2025 960 2058 tubos
1002 2025 1224 2059 transversos
1269 2026 1503 2069 grandiores3
1539 2027 1621 2071 pori
1647 2028 1841 2062 secundum

150 2097 254 2130 series
297 2095 448 2128 lineares
479 2094 748 2138 disponuntur,
784 2091 1011 2126 alternantur
1040 2096 1103 2124 aut
1139 2091 1278 2134 saepius
1313 2091 1377 2125 fibi
1410 2093 1562 2126 invicem
1598 2099 1840 2138 opponuntur

152 2163 195 2196 ad
215 2173 325 2195 unam
346 2160 503 2194 eamdem
526 2159 671 2193 lineam.
701 2158 788 2192 Pori
813 2158 897 2191 sunt
923 2157 1144 2190 orbiculares
1166 2157 1326 2202 margine
1349 2158 1468 2191 cincti.
1514 2157 1669 2204 (Species
1696 2160 1841 2204 addita.)

200 2293 292 2327 XIV
318 2293 445 2326 Genus
471 2301 697 2335 cantoPoRA,
726 2302 860 2325 GOLDF.

199 2359 438 2404 Polyparium
476 2357 656 2402 lapideum
676 2381 687 2400 ,
721 2356 832 2390 sessile
859 2357 916 2392 vel
942 2357 1088 2392 affixum
1105 2383 1116 2402 ,
1144 2369 1163 2391 e
1188 2358 1303 2392 stratis
1330 2357 1540 2393 cellularum
1569 2358 1733 2403 plurimis
1756 2370 1844 2392 con-

148 2426 339 2468 centricis,
367 2423 519 2459 invicem
549 2424 617 2457 sese
642 2423 928 2460 involventibuS.
