2024 3022
409 227 690 264 REsPoNsm
723 239 772 263 AD
814 226 1185 274 QUAESTIONEM
1225 219 1582 266 zoonocmAM.
1798 232 1844 266 55

201 347 244 380 F.
271 345 497 387 incrustans,
528 344 668 378 cellulis
703 355 765 377 ore
800 344 895 378 ovali
922 345 1065 378 inermi.

201 411 394 445 Invenitur
434 410 561 443 fossilis
599 409 694 444 haud
736 421 819 442 raro
864 410 901 442 in
945 410 1128 444 montibus
1172 411 1340 445 cretaceis
1379 410 1508 457 (Cr-aie
1545 411 1700 456 tufhau,
1741 421 1842 444 uum-

157 478 289 522 BOLDT)
326 478 602 511 Bruxellarum
633 482 670 509 et
701 475 816 509 totius
848 473 1069 520 provinciae
1098 477 1344 513 Brabantiae.

212 544 297 589 Obs.
349 544 452 577 Haec
472 541 613 576 Flustra
638 541 748 586 vulgo
771 540 993 586 superficiem
1017 548 1170 587 occupat
1192 544 1412 578 concharum
1438 544 1633 589 fosfilium,
1656 555 1743 589 quas
1769 544 1846 577 sae-

159 621 204 654 pe
223 609 369 642 omnino
392 609 562 650 obducit,
582 612 618 640 et
638 608 832 652 praecipue
849 632 860 651 ,
887 608 942 641 uti
965 607 1189 642 observatum
1223 614 1299 652 est,
1327 610 1365 642 in
1398 609 1583 655 superficie
1616 608 1759 643 interna
1787 608 1848 642 bi-

159 675 330 709 valvium.
391 674 559 707 Attamen
597 675 634 706 in
685 673 832 706 Musaeo
882 684 960 706 meo
999 673 1111 706 habeo
1155 679 1285 718 ectypa
1331 676 1581 719 concharum,
1634 674 1845 719 polyparia,

160 741 361 785 fragmenta
401 739 537 772 filicum
581 740 647 772 hac
682 737 805 772 flustra
843 738 1008 773 obducta.
1073 739 1231 772 Cellulae
1266 739 1328 773 fibi
1362 741 1514 776 invicem
1552 741 1775 782 adhaerent,
1813 745 1849 772 et

158 806 394 851 perforantur
438 805 576 849 magnis
625 805 805 849 aperturis
855 805 1041 847 ovalibus,
1099 805 1209 838 nullis
1253 806 1422 839 dentibus
1469 812 1532 840 aut
1578 805 1853 851 appendicibus.

159 872 273 905 Credo
315 871 412 904 illam
458 872 606 915 speciem
655 882 675 903 a
722 870 777 902 Cl.
821 881 954 904 BURTm
992 870 1206 915 designatam
1242 871 1348 904 fuisse
1384 871 1448 904 sub
1483 873 1628 904 nomine
1655 871 1855 904 Esclzarae

164 937 446 983 (Oryctognofie
481 937 540 969 des
575 937 745 970 environs
794 937 836 969 de
875 936 1101 981 Bruxelles).
1166 937 1268 969 Illam
1307 938 1486 972 viventem
1532 938 1603 971 vidi
1650 938 1688 970 in
1725 938 1856 982 super-

163 1002 241 1037 ficie
282 1004 424 1036 interna
460 1002 604 1035 Balani
653 1001 920 1044 tintinnabuli,
959 1007 1089 1046 atque,
1133 1002 1298 1035 ulteriori
1343 1003 1509 1036 examine
1551 1003 1734 1046 instituto,
1782 1004 1854 1036 mi—

163 1070 201 1103 hi
234 1069 407 1113 apparuit
436 1068 594 1100 eamdem
628 1068 774 1100 omnino
807 1068 878 1100 esse
915 1067 1081 1111 speciem.

215 1212 248 1235 2.
300 1201 450 1246 Flufira
475 1200 711 1244 lanceolata,
742 1211 873 1233 coLnF.
906 1212 944 1246 p.
978 1201 1056 1234 104.
1092 1199 1151 1245 fig.
1183 1212 1218 1234 2.
1256 1199 1348 1234 Tab.
1381 1200 1582 1236 XXXVII.
1609 1203 1714 1236 a—d.

213 1266 258 1299 F.
295 1266 747 1308 mustaceo-frondescens,
787 1265 916 1298 fronde
948 1266 1131 1310 elliptica,
1170 1266 1320 1308 lineari,
1353 1271 1418 1299 aut
1448 1267 1668 1310 lanceolata,
1700 1267 1851 1310 obtusa,

167 1331 378 1365 cellularum
411 1331 566 1365 ovalium
581 1355 592 1374 ‚
634 1331 837 1375 aequalium
852 1357 862 1375 ,
885 1331 1095 1365 crebrarum
1112 1357 1123 1375 ‚
1150 1332 1470 1366 minutissimarum
1496 1333 1656 1367 seriebus
1676 1334 1715 1367 in
1740 1334 1858 1367 medio

169 1404 203 1430 et
229 1396 325 1441 quafi
359 1407 424 1439 per
461 1407 564 1428 axem
595 1397 826 1438 cancellatis,
855 1397 898 1427 ad
926 1397 1121 1440 marginem
1150 1408 1236 1430 vero
1269 1398 1324 1431 vel
1355 1398 1621 1442 divergentibus
1649 1399 1706 1434 vel
1738 1400 1859 1433 rectis.

216 1460 459 1495 Petrefactum
508 1460 708 1493 calcareum
770 1460 806 1493 in
859 1460 1020 1494 calcareo
1068 1461 1278 1495 transitorio
1325 1463 1511 1497 invenitur
1553 1464 1593 1496 in
1635 1475 1720 1510 agro
1762 1464 1864 1499 Gro-

170 1529 342 1573 ningano.

224 1594 308 1639 Obs.
360 1593 459 1626 Haec
482 1592 700 1643 Flustraest
728 1594 918 1628 admodum
941 1594 1157 1639 fingularis5
1181 1594 1339 1639 elliptica
1354 1619 1365 1638 ,
1389 1595 1763 1640 obtuso-lanceolata,
1787 1597 1864 1630 sae—

172 1673 217 1705 pe
247 1661 397 1705 speciem
430 1659 536 1692 offert
559 1671 665 1692 axeos
684 1684 694 1702 ,
715 1671 786 1704 quo
805 1660 1126 1694 minutisfimarum
1152 1661 1367 1695 cellularum
1394 1667 1428 1695 et
1450 1663 1547 1706 quafi
1571 1663 1720 1696 totidem
1743 1675 1866 1707 punc-

170 1734 291 1761 iorum
333 1726 436 1759 lineis
481 1725 682 1758 cancellatis
719 1726 982 1760 intersecantur
1018 1727 1125 1760 series
1164 1728 1270 1772 (quae
1301 1728 1485 1773 dispofitio
1518 1729 1664 1763 minime
1696 1730 1735 1762 in
1766 1729 1863 1775 figu-

173 1794 222 1827 ris
255 1792 304 1826 D.
339 1803 458 1826 nocffl:
495 1792 599 1836 [atlas
623 1792 741 1836 operis
765 1793 990 1838 Gonnrussn]
1021 1793 1268 1839 observatur).
1322 1795 1390 1829 Ista
1424 1800 1562 1840 puncta
1589 1796 1649 1830 seu
1679 1797 1760 1841 pori
1785 1797 1864 1830 sae-

175 1871 221 1905 pe
263 1859 366 1892 lineis
397 1857 580 1902 obliquis,
626 1856 807 1901 parallelis
852 1858 1098 1902 disponuntur
1142 1865 1178 1893 et
1223 1860 1406 1894 interdum
1456 1861 1502 1895 fic
1543 1861 1783 1896 reflectuntur
1822 1864 1867 1897 ad

183 1925 372 1970 marginem
404 1930 593 1958 externum
629 1923 823 1968 polyparii.
878 1924 984 1960 Ovali
1022 1925 1123 1959 indui
1169 1926 1284 1961 forma
1315 1928 1485 1962 videntur
1513 1934 1549 1962 et
1578 1941 1660 1962 cum
1693 1928 1868 1963 destructa

183 1991 434 2036 reperiuntur,
472 1990 561 2023 nihil
594 1989 690 2023 aliud
727 1989 792 2024 nisi
825 1990 916 2024 telae
953 1991 1085 2036 species
1117 2003 1137 2025 e
1168 1993 1306 2027 lacunis
1345 1994 1694 2041 quadrangularibus
1719 1995 1867 2029 confec-

179 2065 238 2092 tae
265 2062 437 2091 remanet.

233 2191 306 2224 XII
333 2190 459 2223 Genus
485 2200 706 2224 CELLEPORA.

237 2257 473 2302 Polyparium
512 2256 700 2291 foliaceum
727 2256 753 2291 s.
788 2257 1014 2303 incrustans,
1047 2260 1256 2304 expansum.
1308 2260 1466 2295 Cellulae
1496 2261 1686 2295 conoideae
1711 2261 1873 2307 sublapi-

185 2324 385 2367 descentes,
432 2323 683 2367 unilaterales,
734 2324 1025 2368 conglutinatae,
1065 2325 1313 2371 irregulariter
1358 2332 1421 2361 aut
1461 2328 1499 2362 in
1550 2328 1763 2373 quincuncis
1797 2328 1872 2361 dis-

185 2390 330 2437 potitae.

239 2456 433 2501 Cellepora
465 2461 500 2489 et
531 2455 742 2501 Discopora
766 2466 854 2490 LAM.
886 2467 945 2491 an.
985 2457 1010 2493 f.
1043 2461 1132 2492 vert.
