2024 3022
412 215 690 252 RESPONSIO
732 229 778 251 AD
818 217 1186 262 QUAESTIONEM
1232 205 1582 252 ZOO'LOGICAM.
1795 224 1839 257 29

199 332 281 366 Vid.
309 331 403 367 Tab.
431 332 536 367 VIII.
561 332 621 377 fig.
652 344 684 366 1.
711 332 824 376 Lapis
849 334 1044 377 quarzosus
1071 332 1264 378 polypario
1291 333 1497 376 interrupto
1523 336 1652 364 tectus.

562 398 621 442 fig.
650 408 685 431 2.
714 397 933 431 cellularum
972 399 1168 432 nonnullae
1207 400 1390 443 integrae,
1440 397 1637 431 nonnullae
1678 408 1831 440 vacuae,

717 465 962 508 magnitudine
987 469 1125 497 auctae.

199 530 441 565 Petresactum
467 531 620 564 filioeum
649 530 835 563 invenitur
859 530 903 563 ad
930 529 1153 574 superficiem
1180 530 1241 563 soli
1266 528 1474 573 provinciae
1506 528 1684 563 Drenthe.

203 596 286 642 Obs.
348 598 449 631 Haec
484 608 579 631 nova
612 597 744 640 species
780 596 977 630 Escharae
1002 596 1098 630 haud
1130 596 1339 640 infrequens
1374 593 1559 628 invenitur
1589 595 1625 626 in
1656 594 1835 639 lapidibus

149 674 168 694 e
211 674 346 707 quarzo
384 663 606 708 pyromacho
639 668 703 696 aut
742 664 880 696 nectico
910 663 954 695 ad
986 661 1207 707 superficiem
1235 661 1298 694 soli
1324 661 1362 693 in
1390 660 1530 693 ericetis
1565 660 1768 693 Drenthiae
1803 666 1838 692 et

148 730 344 771 praecipue
375 729 509 762 circum
546 728 627 762 istas
661 729 853 772 graniticas
880 729 1013 772 moles,
1048 727 1179 772 quibus
1209 737 1341 759 nomen
1373 724 1653 759 Hannebeclden
1687 726 1836 767 dedere,

150 792 213 825 ubi
248 804 324 826 eam
355 794 477 838 reperi
507 794 623 838 sparse
657 793 845 827 iacentem.
897 794 1103 839 Aliquando
1136 793 1287 838 spatium
1319 791 1486 836 pollicem
1515 792 1742 836 superantem
1775 803 1840 824 oc-

149 864 284 902 cupat,
316 863 369 892 ast
394 859 593 903 saepisfime
623 861 743 893 minus
769 860 990 894 extenditur.
1043 860 1134 892 Eius
1167 858 1316 892 cellulae
1340 858 1426 890 olim
1448 868 1580 891 vacuae
1603 868 1739 900 quarzo
1767 858 1839 890 im-

149 924 298 968 plentur
341 930 377 957 et
414 924 516 958 fimul
551 926 845 970 coniunguntur,
878 932 920 959 ut
960 924 1045 958 fisfis
1074 924 1254 968 lapidibus
1291 924 1421 967 quibus
1451 923 1686 967 polyparium
1723 924 1841 956 conti—

148 995 280 1033 netur,
315 991 353 1023 in
390 992 620 1036 conspectum
654 993 774 1026 veniat
809 992 1021 1025 cellularum
1062 991 1232 1033 stratum,
1272 990 1367 1034 quod
1403 989 1611 1022 extenditur
1642 989 1737 1022 inter
1772 991 1842 1022 dua

149 1068 286 1101 vacua,
327 1068 482 1101 quorum
525 1058 710 1102 quodlibet
747 1059 909 1092 exterius
943 1058 1120 1091 limitatur
1152 1054 1341 1101 superficie
1376 1055 1521 1099 vestigia
1560 1055 1771 1088 cellularum
1807 1062 1842 1088 et

148 1121 300 1168 figuram
338 1123 527 1158 referente.
580 1124 668 1158 Istae
705 1117 889 1158 interdum
924 1124 1006 1158 sunt
1035 1123 1283 1169 pyriforme3‚
1320 1122 1457 1167 saepius
1493 1122 1729 1166 hexagonales
1759 1134 1841 1154 cum

148 1190 309 1235 parvulis
348 1190 634 1236 appendicibuS,
670 1202 762 1236 quae
802 1202 870 1236 per
910 1191 1101 1224 interstitia
1130 1190 1364 1223 decurrentes
1400 1200 1458 1222 eas
1492 1189 1587 1222 inter
1621 1190 1654 1222 fe
1686 1188 1842 1222 coniun-

149 1261 250 1300 gunt.
303 1255 458 1301 (Species
485 1256 631 1301 addita).

199 1390 237 1422 4.
286 1389 462 1421 Eschara
486 1389 758 1433 Bragmanlii,
787 1388 914 1421 Nobis.

198 1453 244 1486 E.
269 1453 485 1497 explanata,
511 1453 672 1496 ramosa,
701 1452 932 1495 dichotoma,
960 1453 1186 1496 compressa3
1220 1452 1330 1485 ramis
1365 1451 1577 1496 aequalibus
1602 1457 1759 1496 utroque
1787 1452 1843 1485 la-

153 1525 229 1552 tere
265 1519 303 1553 in
341 1518 523 1563 plerisque
566 1518 694 1560 nudis3
736 1517 876 1551 cellulis
922 1516 1223 1561 fuborbiculafis,
1263 1517 1605 1562 quincuncialibus‚
1650 1516 1842 1551 interstitiis

152 1584 470 1630 longitudinalibus
502 1583 660 1619 elevatis·

201 1651 285 1685 Vid.
304 1650 396 1684 Tab.
416 1649 484 1683 IX.
511 1649 568 1694 fig.
593 1661 626 1683 1.
654 1649 884 1684 Individuum
908 1649 1154 1694 magnitudine
1181 1649 1360 1683 naturale.

501 1714 558 1760 fig.
586 1726 622 1748 2.
648 1716 755 1749 Parts
791 1715 949 1748 eiusdem
981 1715 1002 1748 4
1041 1715 1148 1751 diam.
1182 1720 1298 1750 aucta.

198 1783 255 1816 Ex
291 1783 418 1817 Museo
445 1782 557 1816 Dom.
587 1781 697 1815 Seren
703 1805 912 1816 .........

198 1849 445 1892 Archetypum
483 1848 600 1881 fosfile
632 1849 831 1881 calcareum
864 1848 1049 1882 invenitur
1083 1847 1122 1880 in
1152 1858 1236 1892 agro
1265 1847 1515 1892 Groningan0.

204 1914 290 1958 Obf.
344 1913 443 1946 Haec
477 1914 679 1956 Eschara,
717 1925 810 1958 quae
839 1914 999 1959 aliquam
1034 1914 1231 1959 analogiam
1266 1914 1372 1947 habet
1402 1926 1483 1948 cum
1513 1915 1561 1948 Ε.
1589 1916 1840 1958 ογείοειοηια,

152 1981 268 2025 quoad
300 1980 453 2013 formam
489 1979 701 2013 cellularum
739 1985 774 2013 et
814 1991 896 2013 cum
929 1980 978 2013 E.
1016 1979 1249 2023 dichotoma,
1294 1981 1412 2023 quoad
1442 1980 1595 2014 formam
1630 1993 1841 2024 ramorum,

147 2049 328 2092 discrepat
365 2053 484 2081 tamen
524 2059 545 2080 a
591 2047 715 2091 priore
759 2047 1010 2081 distributione
1049 2045 1253 2079 dichotoma
1291 2057 1502 2089 ramorum,
1540 2047 1672 2092 quibus
1717 2048 1843 2081 desunt

151 2114 274 2147 ostiola
314 2114 524 2147 cellularum
569 2114 614 2146 ad
656 2114 770 2147 latera
805 2112 1040 2158 marginalia,
1073 2123 1163 2156 quae
1195 2117 1301 2145 acuta
1336 2113 1444 2155 sunt,
1482 2125 1563 2146 cum
1596 2126 1615 2146 e
1653 2119 1779 2147 contra
1806 2114 1843 2146 in

150 2180 265 2213 medio
306 2179 495 2223 paululum
540 2179 684 2214 dilatata
715 2185 751 2213 et
781 2179 930 2213 omnino
968 2178 1099 2212 ostiolis
1132 2177 1361 2222 regularibus
1392 2178 1637 2223 consertisque
1670 2184 1842 2220 exarata3

151 2257 172 2277 a
202 2245 395 2288 posteriore
420 2250 539 2280 autem
571 2245 690 2290 figura
723 2245 956 2289 ostiolorum,
984 2256 1076 2290 quae
1109 2245 1229 2277 onmia
1260 2244 1463 2278 orbiculata
1488 2244 1545 2279 vel
1567 2244 1682 2279 ovalia
1703 2246 1786 2278 sunt
1809 2251 1844 2279 et

151 2310 250 2342 omni
285 2310 552 2355 diaphragmate
572 2312 795 2348 .transverso
834 2311 1015 2346 destituta.
1082 2310 1254 2344 Occurrit
1289 2310 1326 2343 in
1364 2310 1523 2344 calcareo
1559 2310 1784 2344 transitionis
1812 2317 1847 2344 et

152 2387 267 2409 unum
313 2377 358 2409 ad
402 2377 490 2410 duos
528 2378 675 2422 pollices
710 2377 829 2414 habet.
892 2378 1007 2422 Saepe
1042 2377 1113 2412 vidi
1147 2376 1449 2412 concomitantem
1492 2375 1756 2421 Cateniporam
1788 2389 1847 2411 es—

151 2440 379 2477 clzaro'z‘dem.
