2024 3022
230 241 275 273 56
570 243 762 278 CAROLI
797 245 1060 281 FRANCISCI
1099 246 1314 281 ANTONII
1354 246 1573 281 MORREN

228 366 291 387 cae
339 360 374 388 et
419 356 615 403 Ecffeliae,
659 359 729 392 alta
764 364 817 393 est
855 360 1028 404 quosdam
1066 361 1212 405 pollices
1251 367 1286 395 et
1319 361 1438 395 oritur
1472 373 1517 395 ex
1547 362 1844 407 agglomeratione
1880 368 1915 396 et

226 421 421 454 radicatione
462 424 699 467 quorumdam
742 436 924 458 ramorum
973 437 1017 459 ex
1058 426 1168 471 stirpe
1195 428 1378 461 communi
1412 428 1647 462 nascentium.
1699 427 1911 472 Superficies

226 498 407 520 ramorum
444 488 693 533 longitndinali
734 491 840 523 modo
881 491 998 525 striata
1035 498 1114 535 est,
1153 493 1299 527 finubus
1334 493 1414 526 satis
1440 493 1588 527 rudibus
1614 493 1824 527 transversis
1850 494 1912 537 qui

226 553 279 585 uti
315 553 455 596 priores
489 555 593 598 saepe
625 557 854 590 evanescunt.
908 557 1112 591 GUETTARD
1141 559 1234 592 hanc
1269 559 1416 603 speciem
1448 559 1614 604 cognovit
1647 558 1743 603 (Vid.
1773 558 1910 592 dissert.

225 618 272 651 Π.
304 630 342 662 p.
374 619 446 651 435
475 625 509 652 et
535 620 634 664 486).
688 623 731 655 In
753 623 937 667 plerisque
967 622 1213 669 Groninganis
1248 625 1464 667 individuis,
1499 624 1661 658 lamellae
1696 623 1813 657 stellae
1836 635 1909 658 non

220 684 408 717 admodum
441 685 522 719 sunt
553 686 746 722 distinctae.

269 818 302 851 5.
357 817 676 864 er‘atlzophyllam
710 821 963 867 lamelksam,
989 823 1114 856 Nobis.

265 883 304 916 C.
345 885 598 930 caespitosum,
636 886 911 932 subglobosum,
953 889 1054 921 conis
1086 888 1352 933 divergentibus
1386 888 1571 932 segregatis
1600 888 1813 931 proliferis,
1849 888 1905 920 la-

215 949 392 991 1nellofi33
429 951 557 984 cellula
596 952 776 986 terminali
809 954 1281 1000 campanulato-excavata,
1320 954 1470 987 lamellis
1507 953 1732 998 aequalibus.

262 1015 320 1047 Ex
350 1015 479 1048 Museo
516 1017 624 1050 Dom.
656 1019 767 1051 Seren
772 1043 890 1053 .....

263 1080 508 1115 Petresactum
543 1083 743 1117 calcareum
775 1085 814 1117 in
852 1085 998 1129 regione
1030 1086 1266 1131 Groningana
1297 1085 1496 1119 invenitur.

263 1146 346 1191 0th
398 1147 498 1180 Haec
540 1149 671 1192 species
716 1149 870 1184 formam
909 1151 1014 1185 habet
1046 1151 1264 1197 caespitofi,
1307 1150 1365 1183 sed
1396 1150 1509 1182 multo
1548 1149 1667 1182 minor
1703 1154 1783 1192 est,
1819 1160 1900 1182 om-

211 1213 296 1246 uino
341 1212 568 1257 distinguitur
613 1215 732 1260 striis,
775 1216 1000 1250 lamellarum
1039 1219 1078 1250 in
1112 1218 1282 1258 modum,
1328 1227 1419 1260 quae
1455 1213 1675 1260 superficiem
1713 1220 1899 1249 externam

210 1279 381 1311 tuborum
421 1286 575 1321 ornant,
622 1291 755 1324 eosque
794 1282 938 1326 rugosos
985 1282 1157 1316 efficiunt.
1220 1281 1344 1324 Quum
1379 1280 1526 1314 cellulae
1566 1280 1768 1314 terminales
1815 1281 1898 1314 sunt

207 1343 410 1386 distinctae,
446 1344 493 1376 ibi
528 1345 686 1378 occurrit
718 1357 831 1379 conus
863 1347 1024 1381 constans
1058 1348 1192 1392 radiis,
1223 1347 1286 1392 qui
1321 1346 1538 1379 descendunt
1572 1345 1617 1379 ab
1645 1357 1712 1379 axe
1733 1346 1895 1380 mediano

206 1410 411 1453 elemfiori,
444 1411 538 1443 uude
569 1411 650 1443 illae
688 1412 822 1455 species
862 1413 906 1445 ad
942 1413 1068 1447 Genus
1106 1414 1360 1457 Astraearam
1388 1412 1573 1446 accedunt.

254 1543 289 1576 6.
344 1541 662 1586 Cynthoplzyllum
683 1547 962 1587 pentagonum,
990 1553 1125 1576 GOLDF.
1154 1555 1191 1586 p.
1218 1543 1278 1576 60.
1302 1542 1394 1576 Tab.
1417 1543 1524 1576 XIX.
1551 1542 1611 1586 fig.
1633 1544 1669 1575 5.

254 1611 294 1642 C.
321 1609 554 1653 glomeratum
571 1633 581 1651 ,
604 1609 702 1641 conis
721 1609 859 1641 coalitis
873 1633 882 1650 ‚
905 1608 1070 1651 pluribus
1095 1620 1114 1640 e
1135 1608 1270 1652 fingulo
1291 1608 1513 1642 radiantibus
1529 1632 1539 1650 ‚
1560 1607 1697 1641 cellulis
1715 1607 1890 1641 termina-

202 1675 295 1708 libus
320 1675 553 1719 pentagonis,
581 1675 785 1717 continuis,
809 1673 949 1719 planis,
982 1674 1079 1706 disco
1100 1674 1349 1717 mammillari,
1379 1674 1526 1708 lamellis
1541 1674 1889 1720 raris‚aequalibus.

253 1741 438 1784 Favosices
467 1752 554 1774 [ΑΜ.
587 1757 591 1761 ·

251 1808 493 1841 Petresactum
519 1807 702 1842 invenitur
727 1808 765 1841 in
805 1809 963 1842 ealcareo
996 1809 1217 1842 transitionis
1247 1809 1425 1842 montium
1444 1797 1563 1853 'prope
1591 1808 1838 1843 Namurcum.

254 1872 335 1920 Obs.
400 1873 559 1918 Propter
600 1872 753 1905 formam
792 1872 972 1907 stellarum
1005 1874 1134 1918 quibus
1169 1880 1345 1916 ornatur,
1379 1875 1446 1907 hoc
1478 1873 1717 1919 Polyparium
1752 1873 1886 1907 dictum

202 1941 271 1973 fuit
295 1946 580 1985 pentagonum5
610 1943 767 1971 attamen
805 1950 878 1971 non
904 1945 1001 1972 certa
1027 1945 1081 1972 est
1109 1939 1171 1972 illa
1199 1939 1330 1972 forma.
1382 1938 1495 1983 Saepe
1527 1940 1762 1984 hexagonales
1793 1941 1887 1973 inter

199 2007 285 2039 alias
316 2010 536 2050 pentagonas
573 2005 828 2046 reperiuntur.
893 2004 1050 2038 Fundus
1093 2005 1268 2049 cuiusque
1303 2004 1419 2038 stellae
1454 2010 1604 2038 ornatur
1637 2005 1775 2049 papilla
1812 2005 1883 2040 five

198 2071 392 2105 eminentia
434 2070 623 2115 papillari,
666 2068 738 2114 qua
780 2070 866 2103 haec
906 2070 1037 2114 species
1081 2071 1215 2115 optime
1253 2081 1274 2102 a
1315 2070 1476 2114 sequenti
1514 2070 1582 2105 five
1625 2076 1789 2104 <manate
1827 2070 1885 2103 di—

199 2136 400 2182 stinguitur.

250 2281 281 2312 7.
340 2268 655 2312 Cynthoplzyllum
687 2277 854 2309 αηαηαε,
892 2261 1023 2301 GOLbF.
1051 2279 1090 2312 p.
1117 2267 1176 2301 60.
1204 2266 1299 2301 Tab.
1326 2266 1432 2300 XIX.
1460 2265 1516 2311 fig.
1542 2267 1577 2300 4.
1604 2266 1669 2299 ab.

249 2336 289 2367 C.
327 2334 583 2377 caespitosum,
629 2332 1041 2377 subhemisphaericum,
1085 2333 1186 2366 conis
1228 2332 1395 2378 pluribus
1433 2343 1453 2365 e
1492 2331 1627 2376 fingulo
1661 2331 1880 2365 radiantibus

203 2400 360 2443 coalitis,
394 2399 626 2432 inferioribus
650 2399 903 2442 fubflexuofis,
937 2398 1292 2443 rugoso-annulatis,
1333 2398 1470 2432 cellulis
1505 2396 1754 2431 terminalibus
1790 2404 1883 2429 con-'

201 2466 333 2511 tignis,
371 2465 585 2508 hexagonis,
627 2465 723 2499 disco
759 2465 947 2509 tubuloso,
985 2464 1094 2499 limbo
1127 2463 1299 2510 subpleno
1330 2465 1454 2499 sutura
1478 2464 1702 2509 marginata3
1732 2460 1882 2495 lamellis

199 2531 462 2567 remotiusculis
494 2530 718 2576 aequalibus.
