2024 3022
206 250 252 284 60
554 243 742 278 CAROLI
779 239 1037 275 FRANCISCI
1072 238 1287 274 ANTONII
1325 237 1547 272 MORREN

258 360 342 406 obs.
394 360 437 392 In
474 357 635 391 calcareo
667 354 892 389 transitionis
928 352 1170 398 pulcherrima
1203 352 1290 386 haec
1323 350 1465 385 Astreae
1494 350 1625 395 species
1655 350 1691 383 in
1724 348 1880 396 Eiffelid

205 425 399 470 reperitur.
464 421 598 456 Eadem
635 419 781 452 omnino
807 423 861 452 est
885 431 926 452 ac
951 418 1013 451 illa
1041 428 1134 461 quae
1159 418 1197 451 in
1223 418 1302 451 loco
1330 418 1437 450 citato
1463 417 1636 450 occurrit.
1686 416 1803 460 Ipsam
1831 416 1886 448 se-

206 491 428 536 gregavimus
454 499 475 520 a
499 496 594 520 nova
618 485 733 530 specie
762 496 868 529 quam
891 484 1103 528 poriferam
1125 483 1400 527 appellavimuS.

257 621 292 653 5.
342 616 488 652 Astrea
508 615 704 660 porisera,
731 614 860 647 Nobis.

259 686 304 717 A.
338 681 567 727 fungisormis
580 705 591 723 ,
612 678 820 725 subglobosa
834 703 844 721 ‚
871 678 977 712 stellis
998 677 1230 722 aequalibus,
1245 677 1443 719 excavatis,
1461 676 1890 721 conice-campanulifor-

204 748 321 783 mibus
333 773 343 792 ,
357 747 501 780 remotis
511 771 521 789 ,
534 744 684 778 lamellis
709 742 919 788 aequalibus
930 768 941 786 ,
954 743 1172 777 subcrenatis
1183 767 1193 785 ,
1204 741 1400 775 interstitiis
1410 741 1545 785 porofis
1556 766 1567 784 ‚
1581 742 1679 786 quafi
1691 742 1885 776 undulatis.

253 814 289 848 V
290 815 338 848 id.
364 812 455 846 Tab.
484 811 569 845 XX.
597 810 656 854 fig.
685 820 718 842 1.
746 809 921 853 specimen
947 809 1037 842 facie
1062 809 1247 853 superiore
1273 807 1515 851 conspectum.

595 874 653 919 fig.
687 885 719 908 2.
746 875 904 908 eiusdem
929 885 1016 918 pars
1041 872 1211 907 lateralis.

252 946 442 980 Invenitur
465 942 591 976 fosfilis
618 942 658 974 in
682 941 864 974 montibus
890 940 1060 973 cretaceis
1086 938 1372 973 Bruxellamm.

257 1011 342 1055 Obs.
393 1010 493 1042 Haec
529 1007 692 1053 Astrea,
729 1007 831 1040 cuius
876 1006 1051 1050 specimen
1089 1006 1218 1047 serv0,
1261 1003 1436 1037 fimillima
1471 1008 1524 1037 est
1553 1003 1682 1048 speciei
1715 1015 1735 1036 a
1760 1014 1891 1037 Gomar-

199 1077 341 1123 porosa
372 1074 570 1120 appellatae
606 1074 657 1118 (p.
690 1072 750 1105 64.
788 1071 879 1107 Tab.
910 1071 1014 1105 XXI.
1041 1069 1100 1115 fig.
1124 1082 1158 1114 7.
1187 1069 1328 1113 a—g.);
1360 1069 1416 1102 sed
1441 1069 1528 1102 haec
1553 1068 1728 1113 posterior
1753 1071 1895 1115 reperi-

204 1149 266 1177 tur
315 1143 355 1175 in
404 1140 563 1174 calcareo
603 1137 824 1171 transitionis
870 1136 1035 1170 Eiffeliae
1079 1140 1115 1168 et
1173 1134 1390 1168 Provinciae
1444 1134 1627 1168 Montium
1668 1134 1890 1169 Borusficae.

203 1209 334 1243 Nostra
365 1206 525 1240 occurrit
558 1206 595 1238 in
631 1203 790 1237 calcareo
830 1202 948 1246 grosso
977 1199 1207 1233 Brabantiae.
1262 1199 1425 1243 Speciem
1450 1205 1487 1234 et
1513 1200 1665 1234 formam
1691 1200 1797 1234 habet
1815 1213 1892 1246 po-

204 1275 310 1320 rosae
323 1288 340 1315 ,·
362 1278 519 1305 attamen
554 1269 700 1312 aliquod
731 1267 918 1299 discrimen
952 1265 1070 1310 colligi
1090 1265 1207 1309 posset
1228 1275 1272 1298 ex
1296 1265 1472 1309 lamellis,
1497 1277 1589 1310 quae
1618 1266 1702 1310 plus
1728 1267 1890 1302 minusve

203 1339 364 1384 copiosae
405 1342 441 1369 et
490 1334 720 1368 subcrenatae
767 1332 872 1374 sunt,
924 1341 1042 1375 exque
1074 1331 1174 1374 poris
1210 1329 1272 1374 qui
1302 1329 1471 1364 videntur
1501 1329 1668 1364 undulati
1699 1330 1827 1365 scilicet
1857 1332 1894 1365 in

203 1406 315 1439 massa
344 1402 519 1449 perforati
542 1386 646 1433 lineis
670 1397 902 1432 diversimodo
929 1396 1117 1430 contortis.

256 1536 294 1568 4.
346 1533 493 1569 Astrea
527 1527 879 1574 caryoplzyllo'ides,
914 1535 1047 1558 GOLDF·
1092 1523 1228 1557 Petref.
1267 1524 1356 1558 fasc.
1391 1525 1421 1557 Ι.
1456 1538 1494 1569 p.
1531 1525 1589 1559 66.
1628 1526 1694 1559 ΝΟ.
1732 1538 1767 1570 7.
1800 1526 1892 1562 Tab.

207 1599 331 1634 XXII.
360 1598 416 1642 fig.
445 1609 478 1641 7.

257 1666 302 1700 A.
337 1660 714 1705 ffibhmnisphaerica,
757 1657 863 1690 stellis
903 1653 1155 1699 inaequalibus
1190 1653 1352 1689 ovalibus
1387 1654 1443 1689 vel
1479 1653 1666 1699 oblongis,
1700 1658 1891 1700 concavis,

210 1729 372 1773 margine
411 1731 516 1760 acuto
555 1723 800 1769 prominulis‚
836 1720 1049 1765 segregatis;
1088 1724 1213 1752 centro
1252 1718 1449 1763 papillost»,
1480 1719 1631 1752 lamellis
1667 1720 1893 1756 denticulatis

207 1807 272 1840 per
308 1791 490 1826 interstitia
524 1787 834 1823 concurrentibus.

258 1860 353 1894 Var:
382 1863 504 1891 centro
536 1856 698 1896 elevato3
738 1851 888 1886 lamellis
918 1851 1079 1896 integris.

256 1927 315 1959 Ex
346 1924 465 1957 museo
497 1921 605 1956 Dom.
639 1919 747 1952 Seren
753 1941 861 1952 .....

258 1990 502 2024 Petrefactum
528 1987 727 2020 calcareum
753 1983 938 2017 invenitur
963 1983 1000 2015 in
1025 1993 1111 2026 agro
1141 1980 1394 2025 Groningano.

260 2056 344 2100 obs.
396 2053 470 2087 Etsi
510 2051 655 2085 diverfis
683 2050 768 2082 locis
806 2049 948 2081 iaceant
975 2048 1166 2092 specimina
1196 2059 1217 2080 a
1256 2047 1310 2082 Cl.
1339 2056 1468 2079 GOLDF.
1500 2051 1643 2090 reperta
1670 2048 1707 2080 in
1735 2047 1891 2081 calcareo

214 2121 387 2154 Iurasfico
405 2145 415 2163 ‚
443 2124 478 2151 et
499 2117 690 2162 specimina
710 2114 968 2157 Groningana,
1003 2113 1062 2146 illa
1090 2114 1306 2157 coniungere
1338 2123 1411 2145 non
1434 2110 1579 2154 dubito,
1617 2113 1785 2156 quoniam
1816 2113 1891 2145 cri—

215 2186 301 2221 teria
342 2190 377 2218 et
415 2183 549 2229 figurae
587 2183 631 2215 ad
671 2186 827 2224 utraque
858 2179 1080 2213 referuntur.
1144 2179 1180 2211 Si
1210 2178 1371 2212 lamellae
1414 2178 1452 2209 in
1489 2177 1737 2221 Groninganis
1779 2178 1894 2222 speci-

214 2251 368 2284 minibus
401 2261 475 2283 non
509 2248 654 2281 omnino
688 2245 926 2279 denticulatae
960 2244 1155 2287 videntur,
1182 2244 1272 2277 illud
1302 2242 1571 2276 adscribendum
1600 2248 1653 2276 est
1687 2242 1789 2276 statui
1821 2244 1894 2276 im-

213 2314 372 2360 perfecto
407 2313 665 2358 speciminum,
697 2322 789 2355 quae
827 2309 921 2354 aqua
950 2309 1048 2342 erosa
1078 2309 1244 2342 fuerunt.
1294 2309 1483 2341 Caeterum
1515 2306 1627 2351 figura
1667 2308 1774 2340 citata
1796 2307 1892 2352 ipsas

217 2391 333 2425 neque
361 2379 464 2412 etiam
499 2377 654 2411 exhibet.
707 2377 879 2410 Centrum
907 2374 1083 2408 stellarum
1112 2373 1305 2418 aliquando
1327 2373 1501 2406 elevatius
1525 2378 1578 2405 est
1604 2373 1640 2405 in
1662 2372 1773 2417 specie
1792 2372 1891 2405 Gro-

216 2443 397 2490 ningana,
435 2448 469 2475 et
503 2448 601 2487 patet
633 2442 729 2475 illam
768 2441 996 2475 eminentiam
1029 2439 1166 2473 nonnifi
1192 2440 1398 2473 varietatem
1426 2438 1608 2481 indicare,
1634 2438 1802 2481 quoniam
1829 2448 1895 2471 va-

219 2514 289 2547 riat
313 2512 348 2544 in
375 2510 496 2543 eodem
523 2509 719 2544 individuo.
