2024 3022
400 201 682 239 RESPONSIO
718 213 767 238 Au
809 202 1180 249 QUAESTIONEM
1221 191 1577 240 ZOOLOGICAM.
1795 212 1840 243 25

152 318 244 351 rima
292 327 337 351 ex
379 317 616 353 articulorum
655 318 837 353 iunctione
868 320 1048 365 provenit.
1113 319 1239 354 Sulcos
1279 319 1411 354 habent
1453 319 1731 365 longitudinales
1770 322 1833 365 (ι).

198 449 254 484 VI
279 449 406 484 Genus
430 460 653 485 MinLEroRA.
694 471 697 474 <

194 516 432 562 Polyparium
459 517 663 562 lapideum,
700 516 800 550 intus
834 516 1013 559 solidum,
1040 515 1326 563 polymorphum
1342 542 1354 561 ‚
1390 517 1568 552 ramosum
1591 524 1655 553 aut
1683 519 1833 552 fronde-

145 582 266 626 scens,
299 584 400 628 poris
432 582 650 627 simplicibus
678 593 752 616 non
784 581 973 615 lamellofis
1003 581 1241 624 terebratum.

195 649 288 682 Pori
322 648 539 692 cylindrici,
578 653 619 681 ut
657 647 857 692 plurimum
897 647 1062 692 minimi,
1108 648 1293 681 interdum
1334 658 1410 682 non
1446 649 1647 693 perspicui,
1683 650 1739 682 axi
1778 650 1833 683 vel

146 712 423 759 expanfionibus
451 713 636 759 polyparii
661 713 992 758 perpendiculares.

192 778 292 812 LAM.
318 778 427 812 anim.
453 778 479 812 s.
506 778 643 813 verteb.
671 778 780 813 Tom.
808 778 855 812 Π.
882 790 922 824 p.
952 789 1034 823 199.

194 921 228 945 1.
275 909 484 955 Millepora
507 910 719 954 compressa
742 920 874 943 GOLDF.
904 922 943 955 p.
971 920 1026 945 21.
1046 909 1140 944 Tab.
1165 908 1270 944 VIII.
1298 908 1355 954 fig.
1376 910 1413 942 5.
1435 908 1501 944 ab.

190 973 246 1008 M.
289 976 451 1019 ramosa,
478 975 705 1019 dichotoma,
732 976 843 1009 ramis
878 975 1078 1018 teretibus,
1114 975 1215 1020 poris
1243 973 1488 1007 minutisfimis
1524 973 1685 1018 undique
1723 974 1827 1017 spar-

143 1041 188 1074 fis
202 1065 213 1085 ‚
241 1039 426 1074 confertis.

189 1104 424 1152 Milleporite
469 1104 638 1140 brancha
680 1115 781 1139 mur.
819 1116 870 1140 ετ.
907 1116 1016 1140 FOND.
1076 1105 1175 1140 Hist.
1205 1110 1280 1140 nat.
1321 1104 1364 1137 de
1394 1104 1429 1137 la
1460 1109 1576 1138 mont.
1629 1104 1682 1137 St.
1711 1102 1835 1137 Pierre

139 1182 179 1216 Ρ.
202 1182 290 1216 207.
313 1171 407 1206 Tab.
434 1170 520 1206 XL.
543 1170 602 1216 fig.
621 1171 657 1206 5.
681 1170 732 1204 ab
758 1176 794 1205 et
818 1169 880 1217 fig.
905 1182 961 1206 10.
987 1170 1053 1205 ab.

189 1236 337 1271 Fosfilis
363 1238 552 1271 invenitur
596 1237 635 1269 in
656 1236 841 1270 montibus
867 1236 1037 1270 cretaceis
1063 1246 1179 1280 prope
1200 1234 1457 1277 Maastriclzt,
1485 1234 1680 1268 secundum
1703 1244 1835 1268 FAUIAS

140 1312 258 1347 prope
289 1300 472 1346 Grignon.

192 1365 282 1411 Obs.
330 1365 430 1399 Haec
463 1366 596 1409 species
634 1366 807 1409 frequens
841 1367 1003 1398 occurrit
1035 1367 1073 1397 in
1101 1365 1219 1398 stratis
1254 1364 1386 1396 montis
1420 1364 1474 1397 St.
1503 1364 1628 1408 Petri,
1665 1369 1702 1398 et
1722 1366 1829 1397 etiam

140 1431 325 1466 invenitur
353 1429 393 1465 in
425 1433 531 1463 creta
558 1428 646 1463 alba
673 1429 751 1474 agri
780 1428 1021 1475 Grignoniani
1055 1439 1172 1474 prope
1204 1427 1391 1462 Lutetiam
1419 1428 1653 1463 Parifiorum.

192 1575 228 1598 2.
281 1560 491 1607 Millepora
517 1560 812 1605 madreporacea
839 1571 971 1596 GOLDF.
1002 1573 1085 1607 pag.
1121 1572 1182 1594 21.
1219 1558 1311 1594 Tab.
1350 1557 1456 1592 VIII.
1491 1558 1549 1603 fig.
1580 1559 1617 1592 4.
1654 1559 1718 1592 ab.

190 1629 247 1663 M.
274 1627 433 1670 ramosa,
464 1626 683 1671 compressa,
717 1626 826 1659 ramis
859 1627 1065 1669 truncatis,
1094 1625 1226 1659 ostiolis
1251 1625 1292 1658 in
1316 1623 1503 1669 superficie
1526 1624 1676 1658 minutis
1693 1648 1704 1667 ,
1728 1624 1824 1668 span·-

140 1695 208 1737 fis,
239 1693 277 1727 in
306 1692 509 1726 summitate
545 1697 712 1725 truncata
753 1692 947 1725 maioribus
981 1691 1153 1725 biseriatis
1181 1688 1374 1734 contiguis.

188 1757 335 1792 Fosfilis
363 1757 551 1793 invenitur
579 1758 620 1790 in
651 1756 834 1791 montibus
862 1757 1030 1791 cretaceis
1059 1767 1176 1802 prope
1206 1754 1453 1789 Maastriclzt.

195 1823 280 1870 Obsl
330 1823 432 1857 Haec
474 1823 607 1869 species
643 1834 717 1857 non
756 1823 858 1857 valde
899 1823 1022 1857 differt
1046 1834 1069 1856 a
1099 1820 1159 1855 M.
1193 1820 1425 1865 compressa:
1460 1820 1541 1864 pori
1577 1819 1827 1853 tantummodo

140 1889 251 1935 apicis
277 1889 435 1923 truncati
465 1900 649 1922 ramorum
682 1889 765 1922 satis
797 1899 873 1922 eam
907 1889 1139 1933 distinguunt.

187 2022 225 2054 5.
277 2019 485 2064 Millepora
509 2018 673 2062 Dehini,
700 2017 831 2064 Nobis--

187 2085 242 2119 M.
281 2085 585 2128 erecto-ramosa,
613 2084 746 2128 solida,
782 2083 955 2118 lateribus
990 2084 1102 2119 variis
1141 2083 1371 2129 compressis,
1406 2082 1726 2127 subaugularibus‚
1766 2094 1826 2114 raw

179 2217 236 2254 (1)
256 2217 330 2247 Add.
351 2225 381 2252 3.
401 2216 448 2249 Isis
468 2222 644 2253 reteporacea
663 2223 774 2245 comp.
799 2216 904 2245 Petref.
925 2224 953 2252 p.
980 2223 1031 2251 99.
1045 2215 1104 2244 ΝΟ.
1123 2226 1152 2246 2.
1173 2215 1247 2245 Tab.
1264 2215 1403 2246 XXXVI.
1423 2215 1472 2250 fig.
1491 2224 1522 2250 4.

182 2272 232 2300 Ifis
252 2273 375 2306 ramosa,
398 2272 556 2304 flabeHara,
572 2273 652 2299 ramis
673 2270 860 2307 compressis,
883 2271 1077 2305 dichotomis,
1101 2271 1267 2299 reticulatim
1286 2270 1527 2307 striato-porosis.

178 2327 378 2361 Archetypum
402 2325 498 2354 fosfile
517 2333 532 2355 e
550 2326 636 2355 stratis
654 2326 769 2355 calcar-ei
785 2324 892 2361 grosfi,
913 2326 1066 2354 Bruxellis.

182 2380 246 2416 Obs.
286 2380 363 2409 Haec
391 2381 497 2416 species
520 2381 726 2416 longitudinem
754 2382 839 2410 habet
866 2389 957 2417 ’.ι-15
984 2381 1091 2409 minim.
1129 2378 1212 2408 Rami
1233 2380 1294 2408 sunt
1316 2378 1489 2413 dichotomi,
1514 2385 1555 2406 ast
1575 2379 1710 2407 interdum
1735 2380 1820 2406 modo

141 2436 284 2472 irregulari
308 2436 469 2464 anastomofi
486 2436 557 2464 inter
572 2437 600 2464 se
625 2436 726 2464 iuncti.
764 2435 938 2471 Superficies
959 2441 1072 2464 notatur
1097 2433 1217 2462 seriebus
1240 2440 1376 2469 potorum
1398 2432 1479 2470 saepe
1498 2434 1709 2469 irregularibus.

177 2490 260 2520 Haud
275 2490 407 2527 frequens
423 2491 548 2520 occurrit
565 2491 592 2518 in
620 2490 766 2518 Brabantia
781 2489 965 2519 meridIonali.
1004 2488 1103 2525 (Nota
1122 2486 1244 2524 addita.)
