<?xml version="1.0" encoding="UTF-8"?>
<!DOCTYPE html PUBLIC "-//W3C//DTD XHTML 1.0 Transitional//EN"
    "http://www.w3.org/TR/xhtml1/DTD/xhtml1-transitional.dtd">
<html xmlns="http://www.w3.org/1999/xhtml" xml:lang="en" lang="en">
 <head>
  <title>
</title>
<meta http-equiv="Content-Type" content="text/html;charset=utf-8" />
  <meta name='ocr-system' content='tesseract 3.04.00' />
  <meta name='ocr-capabilities' content='ocr_page ocr_carea ocr_par ocr_line ocrx_word'/>
</head>
<body>
  <div class='ocr_page' id='page_1' title='image "./descriptiocorall00morr_0048.png"; bbox 0 0 2024 3022; ppageno 0'>
   <div class='ocr_carea' id='block_1_1' title="bbox 162 231 1513 273">
    <p class='ocr_par' dir='ltr' id='par_1_1' title="bbox 162 231 1513 273">
     <span class='ocr_line' id='line_1_1' title="bbox 162 231 1513 273; baseline -0.005 0"><span class='ocrx_word' id='word_1_1' title='bbox 162 238 208 273; x_wconf 73' lang='lat'>44</span> <span class='ocrx_word' id='word_1_2' title='bbox 508 235 697 270; x_wconf 88' lang='lat' dir='ltr'><strong>CAROLI</strong></span> <span class='ocrx_word' id='word_1_3' title='bbox 735 234 995 273; x_wconf 79' lang='lat' dir='ltr'><strong>FRANCISCI</strong></span> <span class='ocrx_word' id='word_1_4' title='bbox 1033 232 1250 269; x_wconf 85' lang='lat' dir='ltr'><strong>ANTONII</strong></span> <span class='ocrx_word' id='word_1_5' title='bbox 1288 231 1513 268; x_wconf 86' lang='lat' dir='ltr'>MORREN</span> 
     </span>
    </p>
   </div>
   <div class='ocr_carea' id='block_1_2' title="bbox 163 411 1855 850">
    <p class='ocr_par' dir='ltr' id='par_1_2' title="bbox 215 411 1360 457">
     <span class='ocr_line' id='line_1_2' title="bbox 215 411 1360 457; baseline -0.001 -10"><span class='ocrx_word' id='word_1_6' title='bbox 215 424 252 448; x_wconf 79' lang='lat'>2.</span> <span class='ocrx_word' id='word_1_7' title='bbox 303 414 506 448; x_wconf 76' lang='lat' dir='ltr'>Lunulites</span> <span class='ocrx_word' id='word_1_8' title='bbox 535 415 710 457; x_wconf 80' lang='lat' dir='ltr'>radiata,</span> <span class='ocrx_word' id='word_1_9' title='bbox 735 424 823 449; x_wconf 74' lang='lat' dir='ltr'><strong>LAM.</strong></span> <span class='ocrx_word' id='word_1_10' title='bbox 854 425 913 447; x_wconf 75' lang='lat' dir='ltr'>an,</span> <span class='ocrx_word' id='word_1_11' title='bbox 946 413 970 447; x_wconf 84' lang='lat' dir='ltr'>s.</span> <span class='ocrx_word' id='word_1_12' title='bbox 1002 418 1093 447; x_wconf 87' lang='lat' dir='ltr'>vert.</span> <span class='ocrx_word' id='word_1_13' title='bbox 1129 411 1177 446; x_wconf 89' lang='grc' dir='ltr'>ΙΙ.</span> <span class='ocrx_word' id='word_1_14' title='bbox 1211 423 1248 456; x_wconf 86' lang='lat' dir='ltr'>p.</span> <span class='ocrx_word' id='word_1_15' title='bbox 1281 412 1360 456; x_wconf 83' lang='lat'><strong>¹95·</strong></span> 
     </span>
    </p>

    <p class='ocr_par' dir='ltr' id='par_1_3' title="bbox 164 477 1840 590">
     <span class='ocr_line' id='line_1_3' title="bbox 214 477 1840 524; baseline 0 -12"><span class='ocrx_word' id='word_1_16' title='bbox 214 479 261 512; x_wconf 92' lang='lat' dir='ltr'>L.</span> <span class='ocrx_word' id='word_1_17' title='bbox 301 491 479 523; x_wconf 82' lang='lat' dir='ltr'>convexa,</span> <span class='ocrx_word' id='word_1_18' title='bbox 519 479 654 523; x_wconf 87' lang='lat' dir='ltr'>plana,</span> <span class='ocrx_word' id='word_1_19' title='bbox 704 479 876 523; x_wconf 86' lang='lat' dir='ltr'>utrinque</span> <span class='ocrx_word' id='word_1_20' title='bbox 920 478 1024 512; x_wconf 82' lang='lat' dir='ltr'>sulcis</span> <span class='ocrx_word' id='word_1_21' title='bbox 1064 479 1202 524; x_wconf 86' lang='lat' dir='ltr'>porofis</span> <span class='ocrx_word' id='word_1_22' title='bbox 1234 479 1393 522; x_wconf 85' lang='lat' dir='ltr'>radiata,</span> <span class='ocrx_word' id='word_1_23' title='bbox 1424 477 1561 511; x_wconf 86' lang='lat' dir='ltr'>cellulis</span> <span class='ocrx_word' id='word_1_24' title='bbox 1594 477 1840 521; x_wconf 67' lang='lat' dir='ltr'>ceum-atibus,</span> 
     </span>
     <span class='ocr_line' id='line_1_4' title="bbox 164 542 989 590; baseline 0.001 -13"><span class='ocrx_word' id='word_1_25' title='bbox 164 542 310 587; x_wconf 78' lang='lat' dir='ltr'>claufis,</span> <span class='ocrx_word' id='word_1_26' title='bbox 345 544 622 590; x_wconf 74' lang='lat' dir='ltr'>marginalibus5</span> <span class='ocrx_word' id='word_1_27' title='bbox 653 543 783 577; x_wconf 84' lang='lat' dir='ltr'>ostiolis</span> <span class='ocrx_word' id='word_1_28' title='bbox 813 543 989 578; x_wconf 84' lang='lat' dir='ltr'>ovalibus.</span> 
     </span>
    </p>

    <p class='ocr_par' dir='ltr' id='par_1_4' title="bbox 214 609 964 654">
     <span class='ocr_line' id='line_1_5' title="bbox 214 609 964 654; baseline -0.001 -11"><span class='ocrx_word' id='word_1_29' title='bbox 214 609 359 643; x_wconf 71' lang='lat' dir='ltr'><strong>Gom.</strong></span> <span class='ocrx_word' id='word_1_30' title='bbox 386 622 424 654; x_wconf 91' lang='lat' dir='ltr'>p.</span> <span class='ocrx_word' id='word_1_31' title='bbox 449 610 510 644; x_wconf 87' lang='lat'>41.</span> <span class='ocrx_word' id='word_1_32' title='bbox 529 609 621 645; x_wconf 87' lang='lat' dir='ltr'>Tab.</span> <span class='ocrx_word' id='word_1_33' title='bbox 643 609 732 643; x_wconf 90' lang='lat' dir='ltr'><strong>XII.</strong></span> <span class='ocrx_word' id='word_1_34' title='bbox 759 609 818 654; x_wconf 86' lang='lat' dir='ltr'>fig.</span> <span class='ocrx_word' id='word_1_35' title='bbox 844 610 878 644; x_wconf 87' lang='grc'>6.</span> <span class='ocrx_word' id='word_1_36' title='bbox 900 609 964 642; x_wconf 86' lang='lat' dir='ltr'>ab.</span> 
     </span>
    </p>

    <p class='ocr_par' dir='ltr' id='par_1_5' title="bbox 211 673 1398 719">
     <span class='ocr_line' id='line_1_6' title="bbox 211 673 1398 719; baseline 0 -12"><span class='ocrx_word' id='word_1_37' title='bbox 211 673 458 719; x_wconf 82' lang='lat' dir='ltr'><strong>Archetypum</strong></span> <span class='ocrx_word' id='word_1_38' title='bbox 491 674 607 708; x_wconf 82' lang='lat' dir='ltr'>fosfile</span> <span class='ocrx_word' id='word_1_39' title='bbox 632 686 651 708; x_wconf 91' lang='lat' dir='ltr'>e</span> <span class='ocrx_word' id='word_1_40' title='bbox 677 675 794 708; x_wconf 83' lang='lat' dir='ltr'>stratis</span> <span class='ocrx_word' id='word_1_41' title='bbox 820 675 969 708; x_wconf 88' lang='lat' dir='ltr'>calcarei</span> <span class='ocrx_word' id='word_1_42' title='bbox 1008 674 1119 718; x_wconf 76' lang='lat' dir='ltr'>grosfi</span> <span class='ocrx_word' id='word_1_43' title='bbox 1149 673 1398 708; x_wconf 81' lang='lat' dir='ltr'>Brabantiae.</span> 
     </span>
    </p>

    <p class='ocr_par' dir='ltr' id='par_1_6' title="bbox 163 739 1855 850">
     <span class='ocr_line' id='line_1_7' title="bbox 216 739 1855 785; baseline 0.001 -12"><span class='ocrx_word' id='word_1_44' title='bbox 216 739 302 784; x_wconf 84' lang='lat' dir='ltr'><em>Obs.</em></span> <span class='ocrx_word' id='word_1_45' title='bbox 361 740 463 774; x_wconf 86' lang='lat' dir='ltr'>Haec</span> <span class='ocrx_word' id='word_1_46' title='bbox 505 742 634 785; x_wconf 82' lang='lat' dir='ltr'>exigua</span> <span class='ocrx_word' id='word_1_47' title='bbox 673 741 808 784; x_wconf 87' lang='lat' dir='ltr'>species</span> <span class='ocrx_word' id='word_1_48' title='bbox 856 740 964 785; x_wconf 85' lang='lat' dir='ltr'>vulgo</span> <span class='ocrx_word' id='word_1_49' title='bbox 996 741 1154 774; x_wconf 89' lang='lat' dir='ltr'>occurrit</span> <span class='ocrx_word' id='word_1_50' title='bbox 1187 741 1223 774; x_wconf 89' lang='lat' dir='ltr'>in</span> <span class='ocrx_word' id='word_1_51' title='bbox 1257 746 1356 774; x_wconf 87' lang='lat' dir='ltr'>creta</span> <span class='ocrx_word' id='word_1_52' title='bbox 1386 739 1443 776; x_wconf 80' lang='lat' dir='ltr'>vel</span> <span class='ocrx_word' id='word_1_53' title='bbox 1473 740 1509 773; x_wconf 89' lang='lat' dir='ltr'>in</span> <span class='ocrx_word' id='word_1_54' title='bbox 1542 739 1699 773; x_wconf 88' lang='lat' dir='ltr'>calcareo</span> <span class='ocrx_word' id='word_1_55' title='bbox 1733 740 1855 785; x_wconf 81' lang='lat' dir='ltr'>grosso</span> 
     </span>
     <span class='ocr_line' id='line_1_8' title="bbox 163 805 770 850; baseline 0.002 -12"><span class='ocrx_word' id='word_1_56' title='bbox 163 805 431 850; x_wconf 85' lang='lat' dir='ltr'>provinciarum</span> <span class='ocrx_word' id='word_1_57' title='bbox 463 806 770 840; x_wconf 82' lang='lat' dir='ltr'>Meridionalium.</span> 
     </span>
    </p>
   </div>
   <div class='ocr_carea' id='block_1_3' title="bbox 158 937 1857 1898">
    <p class='ocr_par' dir='ltr' id='par_1_7' title="bbox 209 937 933 981">
     <span class='ocr_line' id='line_1_9' title="bbox 209 937 933 981; baseline -0.003 -9"><span class='ocrx_word' id='word_1_58' title='bbox 209 939 249 972; x_wconf 84' lang='lat'>5.</span> <span class='ocrx_word' id='word_1_59' title='bbox 299 937 503 971; x_wconf 70' lang='lat' dir='ltr'>Lunalites</span> <span class='ocrx_word' id='word_1_60' title='bbox 527 938 773 981; x_wconf 81' lang='lat' dir='ltr'>intermedia,</span> <span class='ocrx_word' id='word_1_61' title='bbox 808 937 933 971; x_wconf 80' lang='lat' dir='ltr'>Nobis.</span> 
     </span>
    </p>

    <p class='ocr_par' dir='ltr' id='par_1_8' title="bbox 163 1002 1849 1115">
     <span class='ocr_line' id='line_1_10' title="bbox 212 1002 1849 1049; baseline -0.001 -12"><span class='ocrx_word' id='word_1_62' title='bbox 212 1003 261 1037; x_wconf 88' lang='lat' dir='ltr'>L.</span> <span class='ocrx_word' id='word_1_63' title='bbox 287 1004 579 1049; x_wconf 80' lang='lat' dir='ltr'>convexo-plana</span> <span class='ocrx_word' id='word_1_64' title='bbox 595 1029 606 1048; x_wconf 92' lang='lat'>,</span> <span class='ocrx_word' id='word_1_65' title='bbox 643 1004 742 1048; x_wconf 85' lang='lat' dir='ltr'>apice</span> <span class='ocrx_word' id='word_1_66' title='bbox 767 1004 956 1048; x_wconf 84' lang='lat' dir='ltr'>depressO,</span> <span class='ocrx_word' id='word_1_67' title='bbox 988 1015 1170 1046; x_wconf 81' lang='lat' dir='ltr'>concav03</span> <span class='ocrx_word' id='word_1_68' title='bbox 1199 1003 1310 1037; x_wconf 83' lang='lat' dir='ltr'>latere</span> <span class='ocrx_word' id='word_1_69' title='bbox 1348 1014 1509 1037; x_wconf 79' lang='lat' dir='ltr'>convexo</span> <span class='ocrx_word' id='word_1_70' title='bbox 1528 1002 1741 1036; x_wconf 80' lang='lat' dir='ltr'>cellularum</span> <span class='ocrx_word' id='word_1_71' title='bbox 1761 1002 1849 1036; x_wconf 72' lang='lat' dir='ltr'>osti-</span> 
     </span>
     <span class='ocr_line' id='line_1_11' title="bbox 163 1069 1127 1115; baseline -0.002 -11"><span class='ocrx_word' id='word_1_72' title='bbox 163 1070 229 1104; x_wconf 84' lang='lat' dir='ltr'>olis</span> <span class='ocrx_word' id='word_1_73' title='bbox 260 1071 468 1104; x_wconf 87' lang='lat' dir='ltr'>orbiculatis</span> <span class='ocrx_word' id='word_1_74' title='bbox 504 1071 659 1115; x_wconf 89' lang='lat' dir='ltr'>poroso;</span> <span class='ocrx_word' id='word_1_75' title='bbox 691 1070 803 1104; x_wconf 84' lang='lat' dir='ltr'>latere</span> <span class='ocrx_word' id='word_1_76' title='bbox 838 1081 995 1104; x_wconf 88' lang='lat' dir='ltr'>concavo</span> <span class='ocrx_word' id='word_1_77' title='bbox 1024 1069 1127 1106; x_wconf 87' lang='lat' dir='ltr'>laevi.</span> 
     </span>
    </p>

    <p class='ocr_par' dir='ltr' id='par_1_9' title="bbox 159 1135 1854 1236">
     <span class='ocr_line' id='line_1_12' title="bbox 210 1135 1854 1181; baseline -0.001 -11"><span class='ocrx_word' id='word_1_78' title='bbox 210 1135 294 1171; x_wconf 86' lang='lat' dir='ltr'>Vid.</span> <span class='ocrx_word' id='word_1_79' title='bbox 336 1136 429 1171; x_wconf 89' lang='lat' dir='ltr'>Tab.</span> <span class='ocrx_word' id='word_1_80' title='bbox 448 1137 451 1140; x_wconf 72' lang='grc'><strong>”</strong></span> <span class='ocrx_word' id='word_1_81' title='bbox 467 1136 572 1170; x_wconf 89' lang='grc' dir='ltr'><strong>ΧΙΙΙ.</strong></span> <span class='ocrx_word' id='word_1_82' title='bbox 613 1135 671 1181; x_wconf 84' lang='lat' dir='ltr'>fig.</span> <span class='ocrx_word' id='word_1_83' title='bbox 703 1147 736 1171; x_wconf 82' lang='grc' dir='ltr'>ι.</span> <span class='ocrx_word' id='word_1_84' title='bbox 762 1146 797 1169; x_wconf 81' lang='lat'>2.</span> <span class='ocrx_word' id='word_1_85' title='bbox 823 1135 862 1169; x_wconf 75' lang='lat'>5.</span> <span class='ocrx_word' id='word_1_86' title='bbox 887 1135 909 1169; x_wconf 87' lang='grc'>4</span> <span class='ocrx_word' id='word_1_87' title='bbox 937 1140 973 1168; x_wconf 86' lang='lat' dir='ltr'>et</span> <span class='ocrx_word' id='word_1_88' title='bbox 998 1136 1034 1169; x_wconf 94' lang='lat'>5.</span> <span class='ocrx_word' id='word_1_89' title='bbox 1060 1135 1251 1180; x_wconf 85' lang='lat' dir='ltr'>specimina</span> <span class='ocrx_word' id='word_1_90' title='bbox 1279 1135 1400 1179; x_wconf 85' lang='lat' dir='ltr'>varia,</span> <span class='ocrx_word' id='word_1_91' title='bbox 1428 1136 1671 1181; x_wconf 82' lang='lat' dir='ltr'>magnitudine</span> <span class='ocrx_word' id='word_1_92' title='bbox 1695 1137 1854 1170; x_wconf 84' lang='lat' dir='ltr'>naturali</span> 
     </span>
     <span class='ocr_line' id='line_1_13' title="bbox 159 1202 475 1236; baseline -0.003 0"><span class='ocrx_word' id='word_1_93' title='bbox 159 1206 196 1236; x_wconf 79' lang='lat' dir='ltr'>et</span> <span class='ocrx_word' id='word_1_94' title='bbox 227 1202 322 1236; x_wconf 84' lang='lat' dir='ltr'>lente</span> <span class='ocrx_word' id='word_1_95' title='bbox 355 1207 475 1236; x_wconf 87' lang='lat' dir='ltr'>aucta.</span> 
     </span>
    </p>

    <p class='ocr_par' dir='ltr' id='par_1_10' title="bbox 205 1267 562 1302">
     <span class='ocr_line' id='line_1_14' title="bbox 205 1267 562 1302; baseline -0.003 -1"><span class='ocrx_word' id='word_1_96' title='bbox 205 1268 266 1301; x_wconf 88' lang='lat' dir='ltr'>Ex</span> <span class='ocrx_word' id='word_1_97' title='bbox 291 1267 417 1301; x_wconf 89' lang='lat' dir='ltr'>Museo</span> <span class='ocrx_word' id='word_1_98' title='bbox 420 1290 562 1302; x_wconf 92' lang='grc'><strong>......</strong></span> 
     </span>
    </p>

    <p class='ocr_par' dir='ltr' id='par_1_11' title="bbox 158 1329 1847 1432">
     <span class='ocr_line' id='line_1_15' title="bbox 206 1329 1847 1377; baseline -0.001 -11"><span class='ocrx_word' id='word_1_99' title='bbox 206 1331 454 1376; x_wconf 71' lang='lat' dir='ltr'><strong>Archetypum</strong></span> <span class='ocrx_word' id='word_1_100' title='bbox 497 1330 614 1365; x_wconf 87' lang='lat' dir='ltr'>fosfile</span> <span class='ocrx_word' id='word_1_101' title='bbox 655 1342 674 1364; x_wconf 92' lang='lat' dir='ltr'>e</span> <span class='ocrx_word' id='word_1_102' title='bbox 713 1329 830 1364; x_wconf 79' lang='lat' dir='ltr'>stratis</span> <span class='ocrx_word' id='word_1_103' title='bbox 875 1330 1042 1365; x_wconf 87' lang='lat' dir='ltr'>calcareis</span> <span class='ocrx_word' id='word_1_104' title='bbox 1084 1329 1175 1365; x_wconf 79' lang='lat' dir='ltr'>albis</span> <span class='ocrx_word' id='word_1_105' title='bbox 1217 1332 1307 1377; x_wconf 78' lang='lat' dir='ltr'>agri</span> <span class='ocrx_word' id='word_1_106' title='bbox 1344 1330 1520 1376; x_wconf 63' lang='lat' dir='ltr'>Ciphfanc&#39;</span> <span class='ocrx_word' id='word_1_107' title='bbox 1552 1342 1666 1377; x_wconf 84' lang='lat' dir='ltr'>prope</span> <span class='ocrx_word' id='word_1_108' title='bbox 1695 1330 1847 1365; x_wconf 65' lang='lat' dir='ltr'>Blonces</span> 
     </span>
     <span class='ocr_line' id='line_1_16' title="bbox 158 1398 464 1432; baseline 0 0"><span class='ocrx_word' id='word_1_109' title='bbox 158 1398 464 1432; x_wconf 77' lang='lat' dir='ltr'>Hannoniorum.</span> 
     </span>
    </p>

    <p class='ocr_par' dir='ltr' id='par_1_12' title="bbox 160 1459 1857 1898">
     <span class='ocr_line' id='line_1_17' title="bbox 213 1459 1852 1508; baseline -0.002 -11"><span class='ocrx_word' id='word_1_110' title='bbox 213 1462 298 1508; x_wconf 77' lang='lat' dir='ltr'><em>obs.</em></span> <span class='ocrx_word' id='word_1_111' title='bbox 350 1463 450 1496; x_wconf 88' lang='lat' dir='ltr'>Haec</span> <span class='ocrx_word' id='word_1_112' title='bbox 478 1461 682 1494; x_wconf 73' lang='lat' dir='ltr'>Lunulttes</span> <span class='ocrx_word' id='word_1_113' title='bbox 709 1460 862 1504; x_wconf 85' lang='lat' dir='ltr'>parvula</span> <span class='ocrx_word' id='word_1_114' title='bbox 886 1465 938 1493; x_wconf 84' lang='lat' dir='ltr'>est</span> <span class='ocrx_word' id='word_1_115' title='bbox 963 1460 996 1505; x_wconf 78' lang='lat'>(2</span> <span class='ocrx_word' id='word_1_116' title='bbox 1021 1459 1167 1493; x_wconf 85' lang='lat' dir='ltr'>Millim.</span> <span class='ocrx_word' id='word_1_117' title='bbox 1194 1466 1265 1505; x_wconf 65' lang='lat' dir='ltr'>et}</span> <span class='ocrx_word' id='word_1_118' title='bbox 1291 1461 1396 1494; x_wconf 83' lang='lat' dir='ltr'>diam.</span> <span class='ocrx_word' id='word_1_119' title='bbox 1423 1461 1576 1506; x_wconf 85' lang='lat' dir='ltr'>transv.)</span> <span class='ocrx_word' id='word_1_120' title='bbox 1603 1467 1637 1496; x_wconf 86' lang='lat' dir='ltr'>et</span> <span class='ocrx_word' id='word_1_121' title='bbox 1661 1461 1852 1506; x_wconf 85' lang='lat' dir='ltr'>conspectu</span> 
     </span>
     <span class='ocr_line' id='line_1_18' title="bbox 161 1525 1855 1570; baseline -0.002 -8"><span class='ocrx_word' id='word_1_122' title='bbox 161 1528 380 1562; x_wconf 80' lang='lat' dir='ltr'>difficillima.</span> <span class='ocrx_word' id='word_1_123' title='bbox 433 1527 608 1560; x_wconf 83' lang='lat' dir='ltr'><strong>Refertur</strong></span> <span class='ocrx_word' id='word_1_124' title='bbox 645 1525 746 1559; x_wconf 80' lang='lat' dir='ltr'>simul</span> <span class='ocrx_word' id='word_1_125' title='bbox 778 1526 822 1559; x_wconf 85' lang='lat' dir='ltr'>ad</span> <span class='ocrx_word' id='word_1_126' title='bbox 855 1526 986 1570; x_wconf 85' lang='lat' dir='ltr'>species</span> <span class='ocrx_word' id='word_1_127' title='bbox 1013 1525 1206 1569; x_wconf 81' lang='lat' dir='ltr'>descriptas</span> <span class='ocrx_word' id='word_1_128' title='bbox 1239 1537 1261 1558; x_wconf 82' lang='lat' dir='ltr'>a</span> <span class='ocrx_word' id='word_1_129' title='bbox 1296 1537 1428 1559; x_wconf 80' lang='lat' dir='ltr'><strong>GOLDF.</strong></span> <span class='ocrx_word' id='word_1_130' title='bbox 1466 1526 1529 1559; x_wconf 87' lang='lat' dir='ltr'>sub</span> <span class='ocrx_word' id='word_1_131' title='bbox 1554 1528 1700 1559; x_wconf 88' lang='lat' dir='ltr'>nomine</span> <span class='ocrx_word' id='word_1_132' title='bbox 1721 1526 1855 1559; x_wconf 68' lang='lat' dir='ltr'>raclia-</span> 
     </span>
     <span class='ocr_line' id='line_1_19' title="bbox 160 1590 1853 1635; baseline -0.002 -8"><span class='ocrx_word' id='word_1_133' title='bbox 160 1600 220 1627; x_wconf 83' lang='lat' dir='ltr'>tae</span> <span class='ocrx_word' id='word_1_134' title='bbox 244 1598 280 1627; x_wconf 82' lang='lat' dir='ltr'>et</span> <span class='ocrx_word' id='word_1_135' title='bbox 309 1593 546 1635; x_wconf 79' lang='lat' dir='ltr'>urceolatae,</span> <span class='ocrx_word' id='word_1_136' title='bbox 581 1597 617 1625; x_wconf 88' lang='lat' dir='ltr'>et</span> <span class='ocrx_word' id='word_1_137' title='bbox 653 1590 776 1624; x_wconf 83' lang='lat' dir='ltr'>ambae</span> <span class='ocrx_word' id='word_1_138' title='bbox 808 1596 973 1635; x_wconf 80' lang='lat' dir='ltr'>repertae</span> <span class='ocrx_word' id='word_1_139' title='bbox 1005 1591 1042 1622; x_wconf 89' lang='lat' dir='ltr'>in</span> <span class='ocrx_word' id='word_1_140' title='bbox 1081 1591 1239 1623; x_wconf 82' lang='lat' dir='ltr'>calcareo</span> <span class='ocrx_word' id='word_1_141' title='bbox 1274 1592 1394 1635; x_wconf 84' lang='lat' dir='ltr'>grosso</span> <span class='ocrx_word' id='word_1_142' title='bbox 1434 1591 1723 1635; x_wconf 78' lang='lat' dir='ltr'>septentrionalis</span> <span class='ocrx_word' id='word_1_143' title='bbox 1759 1590 1853 1624; x_wconf 77' lang='lat' dir='ltr'>Gal-</span> 
     </span>
     <span class='ocr_line' id='line_1_20' title="bbox 161 1654 1856 1704; baseline -0.002 -12"><span class='ocrx_word' id='word_1_144' title='bbox 161 1659 230 1692; x_wconf 87' lang='lat' dir='ltr'>liae</span> <span class='ocrx_word' id='word_1_145' title='bbox 257 1658 383 1704; x_wconf 75' lang='lat' dir='ltr'>partiS.</span> <span class='ocrx_word' id='word_1_146' title='bbox 436 1656 571 1690; x_wconf 86' lang='lat' dir='ltr'>Differt</span> <span class='ocrx_word' id='word_1_147' title='bbox 598 1668 619 1689; x_wconf 89' lang='lat' dir='ltr'>a</span> <span class='ocrx_word' id='word_1_148' title='bbox 652 1656 767 1701; x_wconf 87' lang='lat' dir='ltr'>priori</span> <span class='ocrx_word' id='word_1_149' title='bbox 798 1656 931 1700; x_wconf 81' lang='lat' dir='ltr'>specie:</span> <span class='ocrx_word' id='word_1_150' title='bbox 958 1655 1048 1688; x_wconf 83' lang='lat' dir='ltr'>facie</span> <span class='ocrx_word' id='word_1_151' title='bbox 1074 1654 1237 1689; x_wconf 87' lang='lat' dir='ltr'>inferiori</span> <span class='ocrx_word' id='word_1_152' title='bbox 1260 1655 1455 1702; x_wconf 68' lang='lat' dir='ltr'>laevigata,</span> <span class='ocrx_word' id='word_1_153' title='bbox 1485 1657 1700 1700; x_wconf 82' lang='lat' dir='ltr'>aequalitate</span> <span class='ocrx_word' id='word_1_154' title='bbox 1719 1656 1856 1690; x_wconf 82' lang='lat' dir='ltr'>formae</span> 
     </span>
     <span class='ocr_line' id='line_1_21' title="bbox 164 1721 1854 1767; baseline -0.001 -10"><span class='ocrx_word' id='word_1_155' title='bbox 164 1723 376 1757; x_wconf 85' lang='lat' dir='ltr'>cellularum</span> <span class='ocrx_word' id='word_1_156' title='bbox 422 1723 462 1756; x_wconf 93' lang='lat' dir='ltr'>in</span> <span class='ocrx_word' id='word_1_157' title='bbox 500 1721 638 1767; x_wconf 67' lang='lat' dir='ltr'>integra</span> <span class='ocrx_word' id='word_1_158' title='bbox 679 1721 784 1755; x_wconf 88' lang='lat' dir='ltr'>faciei</span> <span class='ocrx_word' id='word_1_159' title='bbox 813 1722 1009 1766; x_wconf 83' lang='lat' dir='ltr'>superioris</span> <span class='ocrx_word' id='word_1_160' title='bbox 1043 1722 1278 1766; x_wconf 85' lang='lat' dir='ltr'>amplitudine</span> <span class='ocrx_word' id='word_1_161' title='bbox 1289 1735 1301 1765; x_wconf 83' lang='lat'>3</span> <span class='ocrx_word' id='word_1_162' title='bbox 1329 1734 1350 1755; x_wconf 90' lang='lat' dir='ltr'>a</span> <span class='ocrx_word' id='word_1_163' title='bbox 1383 1722 1565 1767; x_wconf 81' lang='lat' dir='ltr'>posteriori</span> <span class='ocrx_word' id='word_1_164' title='bbox 1597 1733 1680 1756; x_wconf 87' lang='lat' dir='ltr'>vero</span> <span class='ocrx_word' id='word_1_165' title='bbox 1716 1722 1854 1766; x_wconf 84' lang='lat' dir='ltr'>specie,</span> 
     </span>
     <span class='ocr_line' id='line_1_22' title="bbox 161 1785 1851 1832; baseline -0.002 -9"><span class='ocrx_word' id='word_1_166' title='bbox 161 1787 280 1823; x_wconf 64' lang='lat' dir='ltr'>forma</span> <span class='ocrx_word' id='word_1_167' title='bbox 308 1794 450 1822; x_wconf 85' lang='lat' dir='ltr'>tantum</span> <span class='ocrx_word' id='word_1_168' title='bbox 487 1799 615 1832; x_wconf 89' lang='lat' dir='ltr'>parum</span> <span class='ocrx_word' id='word_1_169' title='bbox 651 1785 836 1830; x_wconf 66' lang='lat' dir='ltr'>convexa,</span> <span class='ocrx_word' id='word_1_170' title='bbox 869 1793 991 1820; x_wconf 88' lang='lat' dir='ltr'>centro</span> <span class='ocrx_word' id='word_1_171' title='bbox 1025 1787 1212 1831; x_wconf 81' lang='lat' dir='ltr'>depressa,</span> <span class='ocrx_word' id='word_1_172' title='bbox 1255 1787 1396 1821; x_wconf 80' lang='lat' dir='ltr'>defectu</span> <span class='ocrx_word' id='word_1_173' title='bbox 1424 1787 1591 1821; x_wconf 83' lang='lat' dir='ltr'>striarum</span> <span class='ocrx_word' id='word_1_174' title='bbox 1614 1787 1652 1820; x_wconf 88' lang='lat' dir='ltr'>in</span> <span class='ocrx_word' id='word_1_175' title='bbox 1677 1787 1767 1820; x_wconf 83' lang='lat' dir='ltr'>facie</span> <span class='ocrx_word' id='word_1_176' title='bbox 1792 1789 1851 1820; x_wconf 86' lang='lat' dir='ltr'>in-</span> 
     </span>
     <span class='ocr_line' id='line_1_23' title="bbox 165 1852 1857 1898; baseline -0.001 -10"><span class='ocrx_word' id='word_1_177' title='bbox 165 1855 297 1889; x_wconf 81' lang='lat' dir='ltr'>feriore</span> <span class='ocrx_word' id='word_1_178' title='bbox 329 1860 364 1888; x_wconf 87' lang='lat' dir='ltr'>et</span> <span class='ocrx_word' id='word_1_179' title='bbox 393 1853 586 1897; x_wconf 84' lang='lat' dir='ltr'>irregulari</span> <span class='ocrx_word' id='word_1_180' title='bbox 617 1864 793 1897; x_wconf 79' lang='lat' dir='ltr'>purorum</span> <span class='ocrx_word' id='word_1_181' title='bbox 830 1852 1019 1897; x_wconf 76' lang='lat' dir='ltr'>politione.</span> <span class='ocrx_word' id='word_1_182' title='bbox 1082 1852 1151 1885; x_wconf 85' lang='lat' dir='ltr'>His</span> <span class='ocrx_word' id='word_1_183' title='bbox 1182 1853 1294 1886; x_wconf 77' lang='lat' dir='ltr'>cautis</span> <span class='ocrx_word' id='word_1_184' title='bbox 1324 1859 1466 1897; x_wconf 88' lang='lat' dir='ltr'>motus,</span> <span class='ocrx_word' id='word_1_185' title='bbox 1501 1853 1652 1898; x_wconf 83' lang='lat' dir='ltr'>speciem</span> <span class='ocrx_word' id='word_1_186' title='bbox 1689 1853 1857 1898; x_wconf 83' lang='lat' dir='ltr'>peculia-</span> 
     </span>
    </p>
   </div>
   <div class='ocr_carea' id='block_1_4' title="bbox 167 1917 613 1954">
    <p class='ocr_par' dir='ltr' id='par_1_13' title="bbox 167 1917 613 1954">
     <span class='ocr_line' id='line_1_24' title="bbox 167 1917 613 1954; baseline -0.007 0"><span class='ocrx_word' id='word_1_187' title='bbox 167 1931 244 1954; x_wconf 86' lang='lat' dir='ltr'>rem</span> <span class='ocrx_word' id='word_1_188' title='bbox 274 1932 318 1954; x_wconf 86' lang='lat' dir='ltr'>ex</span> <span class='ocrx_word' id='word_1_189' title='bbox 350 1918 410 1953; x_wconf 69' lang='lat' dir='ltr'>illa</span> <span class='ocrx_word' id='word_1_190' title='bbox 436 1917 613 1952; x_wconf 75' lang='lat' dir='ltr'>constitui.</span> 
     </span>
    </p>
   </div>
   <div class='ocr_carea' id='block_1_5' title="bbox 173 2049 1862 2546">
    <p class='ocr_par' dir='ltr' id='par_1_14' title="bbox 220 2049 1507 2094">
     <span class='ocr_line' id='line_1_25' title="bbox 220 2049 1507 2094; baseline -0.001 -10"><span class='ocrx_word' id='word_1_191' title='bbox 220 2051 256 2085; x_wconf 83' lang='lat'>4.</span> <span class='ocrx_word' id='word_1_192' title='bbox 307 2050 510 2084; x_wconf 74' lang='lat' dir='ltr'>Lunulites</span> <span class='ocrx_word' id='word_1_193' title='bbox 536 2050 740 2084; x_wconf 75' lang='lat' dir='ltr'>urceolam.</span> <span class='ocrx_word' id='word_1_194' title='bbox 791 2050 892 2085; x_wconf 80' lang='lat' dir='ltr'><strong>LAM.</strong></span> <span class='ocrx_word' id='word_1_195' title='bbox 915 2061 975 2084; x_wconf 84' lang='lat' dir='ltr'>an.</span> <span class='ocrx_word' id='word_1_196' title='bbox 1000 2051 1026 2084; x_wconf 85' lang='lat' dir='ltr'>s.</span> <span class='ocrx_word' id='word_1_197' title='bbox 1049 2056 1141 2086; x_wconf 87' lang='lat' dir='ltr'>vert.</span> <span class='ocrx_word' id='word_1_198' title='bbox 1163 2050 1268 2083; x_wconf 88' lang='lat' dir='ltr'><strong>Tom.</strong></span> <span class='ocrx_word' id='word_1_199' title='bbox 1293 2049 1340 2083; x_wconf 90' lang='grc' dir='ltr'>Π.</span> <span class='ocrx_word' id='word_1_200' title='bbox 1363 2061 1403 2094; x_wconf 88' lang='lat' dir='ltr'>p.</span> <span class='ocrx_word' id='word_1_201' title='bbox 1429 2050 1507 2093; x_wconf 83' lang='lat'>195.</span> 
     </span>
    </p>

    <p class='ocr_par' dir='ltr' id='par_1_15' title="bbox 173 2112 1856 2227">
     <span class='ocr_line' id='line_1_26' title="bbox 219 2112 1856 2160; baseline -0.002 -11"><span class='ocrx_word' id='word_1_202' title='bbox 219 2116 267 2149; x_wconf 91' lang='lat' dir='ltr'>L.</span> <span class='ocrx_word' id='word_1_203' title='bbox 294 2116 599 2160; x_wconf 68' lang='lat' dir='ltr'>cupulaefmmis,</span> <span class='ocrx_word' id='word_1_204' title='bbox 627 2117 729 2160; x_wconf 85' lang='lat' dir='ltr'>apice</span> <span class='ocrx_word' id='word_1_205' title='bbox 766 2120 958 2160; x_wconf 85' lang='lat' dir='ltr'>truncato,</span> <span class='ocrx_word' id='word_1_206' title='bbox 990 2116 1100 2149; x_wconf 87' lang='lat' dir='ltr'>latere</span> <span class='ocrx_word' id='word_1_207' title='bbox 1139 2126 1299 2150; x_wconf 81' lang='lat' dir='ltr'>convexo</span> <span class='ocrx_word' id='word_1_208' title='bbox 1340 2114 1551 2148; x_wconf 89' lang='lat' dir='ltr'>cellularum</span> <span class='ocrx_word' id='word_1_209' title='bbox 1585 2112 1716 2147; x_wconf 76' lang='lat' dir='ltr'>ostiolis</span> <span class='ocrx_word' id='word_1_210' title='bbox 1752 2112 1856 2147; x_wconf 81' lang='lat' dir='ltr'>orbi·-</span> 
     </span>
     <span class='ocr_line' id='line_1_27' title="bbox 173 2180 1352 2227; baseline 0 -12"><span class='ocrx_word' id='word_1_211' title='bbox 173 2182 297 2215; x_wconf 84' lang='lat' dir='ltr'>culatis</span> <span class='ocrx_word' id='word_1_212' title='bbox 332 2182 683 2227; x_wconf 83' lang='lat' dir='ltr'>clathrato—poros03</span> <span class='ocrx_word' id='word_1_213' title='bbox 709 2182 821 2215; x_wconf 85' lang='lat' dir='ltr'>latere</span> <span class='ocrx_word' id='word_1_214' title='bbox 851 2193 1007 2217; x_wconf 84' lang='lat' dir='ltr'>concavo</span> <span class='ocrx_word' id='word_1_215' title='bbox 1036 2181 1191 2216; x_wconf 84' lang='lat' dir='ltr'>obsolete</span> <span class='ocrx_word' id='word_1_216' title='bbox 1219 2180 1352 2215; x_wconf 83' lang='lat' dir='ltr'>striato.</span> 
     </span>
    </p>

    <p class='ocr_par' dir='ltr' id='par_1_16' title="bbox 220 2247 993 2293">
     <span class='ocr_line' id='line_1_28' title="bbox 220 2247 993 2293; baseline -0.001 -11"><span class='ocrx_word' id='word_1_217' title='bbox 220 2249 364 2283; x_wconf 69' lang='lat' dir='ltr'>Gomr.</span> <span class='ocrx_word' id='word_1_218' title='bbox 387 2260 425 2293; x_wconf 89' lang='lat' dir='ltr'>p.</span> <span class='ocrx_word' id='word_1_219' title='bbox 453 2249 515 2284; x_wconf 85' lang='lat'>41.</span> <span class='ocrx_word' id='word_1_220' title='bbox 542 2248 635 2281; x_wconf 83' lang='lat' dir='ltr'>Tab.</span> <span class='ocrx_word' id='word_1_221' title='bbox 661 2247 748 2281; x_wconf 87' lang='lat' dir='ltr'><strong>XII.</strong></span> <span class='ocrx_word' id='word_1_222' title='bbox 776 2247 834 2293; x_wconf 85' lang='lat' dir='ltr'>fig.</span> <span class='ocrx_word' id='word_1_223' title='bbox 863 2260 896 2293; x_wconf 86' lang='lat'>7.</span> <span class='ocrx_word' id='word_1_224' title='bbox 924 2247 993 2282; x_wconf 88' lang='lat' dir='ltr'>ab.</span> 
     </span>
    </p>

    <p class='ocr_par' dir='ltr' id='par_1_17' title="bbox 227 2310 1561 2359">
     <span class='ocr_line' id='line_1_29' title="bbox 227 2310 1561 2359; baseline -0.001 -12"><span class='ocrx_word' id='word_1_225' title='bbox 227 2313 398 2348; x_wconf 88' lang='lat' dir='ltr'>Occurrit</span> <span class='ocrx_word' id='word_1_226' title='bbox 417 2315 654 2359; x_wconf 81' lang='lat' dir='ltr'>archetypum</span> <span class='ocrx_word' id='word_1_227' title='bbox 674 2313 789 2346; x_wconf 88' lang='lat' dir='ltr'>fosfile</span> <span class='ocrx_word' id='word_1_228' title='bbox 814 2314 851 2346; x_wconf 90' lang='lat' dir='ltr'>in</span> <span class='ocrx_word' id='word_1_229' title='bbox 872 2312 988 2348; x_wconf 79' lang='lat' dir='ltr'>stratis</span> <span class='ocrx_word' id='word_1_230' title='bbox 1013 2312 1162 2346; x_wconf 84' lang='lat' dir='ltr'>calcarei</span> <span class='ocrx_word' id='word_1_231' title='bbox 1181 2312 1291 2357; x_wconf 85' lang='lat' dir='ltr'>grosfi</span> <span class='ocrx_word' id='word_1_232' title='bbox 1315 2310 1561 2346; x_wconf 80' lang='lat' dir='ltr'>Brabantiae.</span> 
     </span>
    </p>

    <p class='ocr_par' dir='ltr' id='par_1_18' title="bbox 176 2376 1862 2546">
     <span class='ocr_line' id='line_1_30' title="bbox 228 2376 1861 2425; baseline -0.001 -13"><span class='ocrx_word' id='word_1_233' title='bbox 228 2378 311 2425; x_wconf 79' lang='lat' dir='ltr'><em>Ohs.</em></span> <span class='ocrx_word' id='word_1_234' title='bbox 362 2379 462 2412; x_wconf 91' lang='lat' dir='ltr'>Haec</span> <span class='ocrx_word' id='word_1_235' title='bbox 491 2380 623 2423; x_wconf 84' lang='lat' dir='ltr'>species</span> <span class='ocrx_word' id='word_1_236' title='bbox 652 2391 674 2412; x_wconf 88' lang='lat' dir='ltr'>a</span> <span class='ocrx_word' id='word_1_237' title='bbox 708 2379 865 2412; x_wconf 74' lang='lat' dir='ltr'>radiatd</span> <span class='ocrx_word' id='word_1_238' title='bbox 902 2379 1049 2413; x_wconf 89' lang='lat' dir='ltr'>omnino</span> <span class='ocrx_word' id='word_1_239' title='bbox 1069 2378 1255 2420; x_wconf 85' lang='lat' dir='ltr'>distincta,</span> <span class='ocrx_word' id='word_1_240' title='bbox 1278 2379 1311 2412; x_wconf 91' lang='lat' dir='ltr'>ei</span> <span class='ocrx_word' id='word_1_241' title='bbox 1332 2384 1450 2412; x_wconf 90' lang='lat' dir='ltr'>tamen</span> <span class='ocrx_word' id='word_1_242' title='bbox 1475 2376 1682 2411; x_wconf 82' lang='lat' dir='ltr'>intermixta</span> <span class='ocrx_word' id='word_1_243' title='bbox 1704 2382 1757 2410; x_wconf 80' lang='lat' dir='ltr'>est</span> <span class='ocrx_word' id='word_1_244' title='bbox 1778 2377 1861 2421; x_wconf 73' lang='lat' dir='ltr'>spe-</span> 
     </span>
     <span class='ocr_line' id='line_1_31' title="bbox 177 2442 1862 2490; baseline -0.002 -11"><span class='ocrx_word' id='word_1_245' title='bbox 177 2446 247 2479; x_wconf 87' lang='lat' dir='ltr'>cies</span> <span class='ocrx_word' id='word_1_246' title='bbox 286 2455 394 2490; x_wconf 90' lang='lat' dir='ltr'>quam</span> <span class='ocrx_word' id='word_1_247' title='bbox 427 2443 690 2478; x_wconf 81' lang='lat' dir='ltr'>intermediam</span> <span class='ocrx_word' id='word_1_248' title='bbox 725 2443 885 2490; x_wconf 86' lang='lat' dir='ltr'>appello.</span> <span class='ocrx_word' id='word_1_249' title='bbox 947 2444 991 2478; x_wconf 89' lang='lat' dir='ltr'>In</span> <span class='ocrx_word' id='word_1_250' title='bbox 1008 2443 1148 2480; x_wconf 84' lang='lat' dir='ltr'>-iisdem</span> <span class='ocrx_word' id='word_1_251' title='bbox 1176 2449 1356 2479; x_wconf 82' lang='lat' dir='ltr'>caeterum</span> <span class='ocrx_word' id='word_1_252' title='bbox 1386 2443 1472 2479; x_wconf 71' lang='lat' dir='ltr'>locis</span> <span class='ocrx_word' id='word_1_253' title='bbox 1500 2454 1542 2477; x_wconf 89' lang='lat' dir='ltr'>ac</span> <span class='ocrx_word' id='word_1_254' title='bbox 1569 2442 1720 2477; x_wconf 76' lang='lat' dir='ltr'>radiata</span> <span class='ocrx_word' id='word_1_255' title='bbox 1751 2452 1862 2487; x_wconf 87' lang='lat' dir='ltr'>repe-</span> 
     </span>
     <span class='ocr_line' id='line_1_32' title="bbox 176 2511 284 2546; baseline -0.028 0"><span class='ocrx_word' id='word_1_256' title='bbox 176 2511 284 2546; x_wconf 80' lang='lat' dir='ltr'>ritur.</span> 
     </span>
    </p>
   </div>
  </div>
 </body>
</html>
