2024 3022
441 211 719 248 RESPONSIO
757 224 804 248 An
846 213 1216 260 QUAESTIONEM
1261 202 1614 249 ZO6LOGICAM.
1823 225 1869 258 27

225 328 462 373 Polyparium
491 328 695 374 lapideum,
727 329 865 373 fixum,
895 329 1243 373 subdendroideum,
1272 329 1477 371 ramosum3
1504 328 1690 374 superficie
1725 330 1863 364 cellulis

178 397 468 441 prominentibus
495 398 657 442 undique
694 397 894 439 muricata3
922 395 1119 429 interstitiis
1161 394 1312 440 porofis.

223 462 381 497 Cellulae
405 464 565 508 sparsae,
599 461 802 505 distinctae,
837 462 1105 507 cylindraceae,
1132 460 1319 495 tubulorae
1350 460 1618 505 prominente-§23
1645 459 1750 494 stellis
1774 461 1860 494 sub-

176 529 307 571 nullis3
334 530 487 574 parietes
515 529 681 562 internae
706 528 857 562 lamellis
883 526 1120 573 perangusti-5.

225 595 325 630 ΒΑΜ.
355 607 414 629 an.
442 596 467 628 s.
496 600 589 628 vert.
616 594 724 628 Tom.
751 594 801 628 II.
829 606 866 639 p.
894 604 982 639 277.

226 739 258 760 1.
310 727 547 771 Madrepora
572 727 718 771 cariosa
749 737 880 759 GOLDF.
908 736 948 769 p.
975 735 1035 760 22.
1063 724 1155 759 Tab.
1192 724 1296 759 VIII.
1324 724 1383 770 fig.
1408 726 1442 760 8.
1470 725 1536 759 ab.

226 791 282 825 M.
311 792 655 837 oonipresfiuscula,
688 790 826 825 cellulis
851 791 1044 835 immerfis,
1067 791 1341 842 inaequalibus,
1364 791 1492 836 sparfis
1507 817 1518 836 ,
1538 790 1735 825 interstitiis
1755 804 1867 836 poro-

177 857 392 892 so-cariofis.

225 924 414 958 Invenitur
458 922 585 957 fosfilis
633 924 672 956 in
711 922 893 957 montibus
930 923 1101 956 cretaceis
1145 924 1261 967 (craie
1297 923 1429 968 taseazc
1461 924 1594 967 numu.)
1620 934 1738 968 prope
1762 922 1868 957 Ant-

175 989 368 1034 werpiam.

229 1054 313 1100 obs.
365 1054 466 1088 Haec
509 1054 640 1098 species
668 1053 834 1098 pollicem
872 1059 907 1087 et
943 1053 1040 1098 quod
1069 1054 1233 1087 excurrit
1268 1053 1442 1087 diametro
1477 1059 1608 1098 aequat
1644 1058 1680 1087 et
1711 1054 1869 1099 aliquam

171 1120 368 1166 analogiam
414 1119 518 1153 habet
560 1131 642 1153 cum
686 1119 805 1153 nostra
838 1119 1050 1164 Millepora
1094 1118 1399 1153 Melsbroekicma
1428 1118 1511 1165 (M.
1537 1119 1712 1165 Dehini).
1764 1119 1872 1154 Atta-

174 1199 256 1221 men
293 1187 496 1232 discrepant
532 1186 659 1222 diverfi
689 1186 828 1232 generis
864 1185 1146 1220 characteribus.

227 1319 284 1352 IX
308 1318 436 1352 Genus
461 1327 760 1352 STROMATOPORA.

228 1383 466 1428 Polyparium
494 1384 820 1427 hemisphaericum
863 1383 890 1414 s.
923 1381 1196 1425 subglobosum,
1230 1392 1250 1413 e
1283 1381 1399 1414 stratis
1426 1381 1545 1416 solidis
1567 1387 1602 1416 et
1626 1382 1872 1430 fungoso-poq

176 1450 261 1483 rofis
297 1447 559 1482 alternantibus
591 1447 781 1492 contiguis.

229 1515 316 1549 Pori
341 1515 418 1548 fere
441 1515 479 1547 in
507 1513 677 1547 omnibus
702 1513 765 1548 vix
789 1512 995 1557 conspicui,
1021 1516 1087 1545 aut
1112 1511 1218 1545 etiam
1243 1512 1349 1546 nulli.

231 1659 262 1680 1.
317 1646 603 1689 Stromcttopora
638 1646 870 1679 concentrica
902 1656 1032 1679 GoLDF.
1067 1645 1205 1679 Petref.
1233 1645 1262 1681 I.
1297 1658 1335 1691 p.
1371 1655 1430 1679 22.
1470 1646 1563 1680 Tab.
1605 1645 1709 1681 VIII.
1748 1645 1811 1691 figi
1836 1648 1870 1682 5.

178 1713 228 1746 ab
241 1726 272 1747 c.

228 1779 265 1812 S.
292 1778 407 1812 stratis
443 1777 681 1811 concentricis
718 1776 1121 1812 infundibuliformibus
1146 1777 1301 1811 undatis.
1335 1787 1474 1812 KNoRR.
1511 1777 1645 1813 Petref.
1683 1778 1715 1812 I.
1740 1789 1778 1824 p.
1806 1779 1865 1812 54.

180 1845 270 1881 Tab.
297 1845 340 1880 F.
369 1856 428 1878 11.
452 1844 524 1877 ΝΟ.
554 1854 611 1877 20.
640 1848 708 1878 etc.

228 1911 366 1945 Grancl
392 1912 525 1956 agario
557 1910 731 1944 discoide.
785 1910 929 1945 Bouno.
962 1909 1098 1944 Petref.
1132 1909 1226 1944 Tab.
1263 1909 1299 1944 6.
1329 1908 1389 1955 fig.
1425 1910 1485 1946 52.
1509 1915 1578 1946 etc.

228 1977 471 2011 Petrefactum
509 1977 708 2011 calcareum
743 1977 928 2012 invenitur
966 1977 1005 2009 in
1039 1976 1186 2021 regione
1224 1975 1474 2021 Groningana.

232 2043 317 2089 obs:
368 2043 468 2077 Haec
513 2044 670 2088 speeies,
710 2044 783 2077 sola
815 2044 925 2078 huius
963 2043 1106 2088 generis
1137 2042 1252 2075 adhuc
1290 2043 1456 2087 cognita,
1495 2042 1533 2076 in
1562 2042 1704 2077 Eiffelia
1735 2055 1869 2077 occur-

181 2112 229 2144 rit
267 2115 303 2143 et
332 2110 370 2143 in
404 2122 487 2155 agro
510 2110 758 2156 Groningano.
814 2109 1130 2154 Comparationem
1157 2107 1294 2142 institui
1315 2109 1412 2143 inter
1437 2108 1630 2154 specimina
1654 2109 1784 2143 harum
1812 2109 1871 2142 di-

178 2177 362 2211 versarum
399 2176 584 2221 regionum
620 2180 672 2210 et'
693 2176 842 2210 omnino
876 2176 999 2210 eadem
1029 2187 1070 2209 ea
1100 2175 1236 2210 inveni.
1299 2174 1421 2208 Strata
1450 2174 1582 2219 quibus
1612 2173 1704 2208 effici
1737 2175 1867 2209 viden—

182 2247 269 2286 tur,
301 2241 438 2275 fibimet
473 2242 636 2286 impofita
665 2243 748 2287 plus
779 2243 943 2277 minusve
972 2240 1101 2274 distant
1133 2246 1169 2274 et
1199 2241 1379 2286 regularia
1411 2241 1507 2275 sunt.
1561 2239 1695 2274 Senfim
1721 2241 1868 2275 senfim-

183 2318 253 2351 que
288 2307 461 2341 diametro
496 2309 751 2343 diminuuntur
788 2319 904 2354 usque
938 2308 982 2341 ad
1013 2307 1151 2353 apicem
1188 2305 1357 2341 obtusum
1387 2306 1597 2351 polyparii‚
1636 2307 1700 2352 qui
1726 2308 1864 2351 semper

180 2375 256 2407 fere
304 2373 349 2406 fic
396 2374 502 2408 offert
533 2375 668 2410 discum
708 2375 964 2411 orbicularem.
1018 2373 1203 2420 Distingui
1241 2373 1440 2420 saepissime
1470 2377 1659 2420 nequeunt
1691 2375 1773 2420 pori
1806 2378 1868 2409 aut

179 2451 305 2475 eorum
340 2439 494 2485 vestigia.
