2024 3022
185 243 206 274 4
538 233 728 270 CAROLI
765 229 1026 268 FRANCISCI
1059 232 1275 268 ANTONII
1312 232 1535 269 MORREN

185 352 350 395 deinceps
375 349 553 384 tributum
577 347 647 381 suit
672 358 805 381 nomen
830 347 1068 392 Ροζγρονιωη
1083 372 1094 391 ,
1121 353 1156 381 et
1180 348 1320 382 corneis
1343 348 1400 382 vel
1427 347 1594 381 calcareis
1617 358 1742 382 eorum
1767 349 1872 383 habi-

184 416 383 451 tationibus
424 424 556 448 nomen
598 413 921 457 Ροζγρανίοναηις
955 413 1101 446 nomine
1131 414 1352 458 polyporum
1385 413 1585 458 specialiter
1616 415 1876 460 comprehensis

183 481 419 523 animalibus,
454 490 545 524 quae
572 478 697 511 deinde
735 478 772 511 iu
805 478 892 510 alias
920 478 1108 513 divisiones
1144 478 1294 512 fuerunt
1315 478 1488 512 collocata
1524 483 1559 511 et
1594 490 1686 523 quae
1717 480 1812 514 inter
1844 480 1877 513 se

184 549 308 582 multis
339 545 527 588 elasfibus,
566 543 754 578 ordinibus
769 568 779 587 ,
806 544 951 578 familiis
973 550 1010 578 et
1029 544 1218 589 generibus
1241 545 1461 578 intermediis
1481 545 1720 589 segregantur.
1774 546 1874 579 Haec

185 613 351 648 animalia
388 612 470 646 sunt
502 611 668 655 Hydrae
701 621 745 643 ex
776 608 850 643 una
886 615 1013 655 parte,
1047 611 1249 644 adhucdum
1284 611 1381 644 inter
1412 610 1575 655 Polypos
1607 610 1722 643 nudos
1762 611 1878 644 collo-

187 685 307 723 catae,
346 684 382 712 et
406 677 539 723 Sepiae
563 689 585 710 a
610 676 825 722 quibusdam
853 676 1065 710 coniunctae
1091 687 1170 709 cum
1196 675 1385 709 Molluscis
1411 681 1446 709 et
1469 676 1514 708 ab
1540 676 1620 708 aliis
1641 687 1662 708 a
1688 675 1878 710 Molluscis

186 746 383 791 segregatae
424 732 552 788 utpote
592 753 684 787 quae
720 741 864 775 classem
903 742 1051 775 omnino
1094 742 1267 776 diversam
1313 741 1493 785 efficiant,
1532 741 1662 774 scilicet
1696 740 1881 785 Cephalo-

182 812 339 855 poclmn.
390 809 489 843 Hinc
513 813 613 854 patet
643 808 790 840 nomine
824 806 1077 840 Corallioram
1111 808 1345 853 peculiariter
1370 808 1462 841 dura
1495 813 1530 841 et
1554 807 1714 841 calcarea
1730 807 1880 841 involu-

189 888 250 909 cra
284 874 596 919 Lithophytoruni
634 873 739 907 fuisse
770 872 973 917 defignata:
1010 878 1045 906 et
1071 875 1241 918 quoniam
1270 874 1339 906 sola
1364 874 1451 907 haec
1477 873 1665 906 involucra
1690 874 1725 906 in
1751 873 1880 906 condi-

187 943 287 975 tione
312 940 422 975 fosfili
458 940 715 984 reperiuntur,
753 950 828 971 non
856 938 1034 971 immerito
1063 939 1208 971 nomine
1233 938 1447 983 generaliori
1475 938 1536 971 etfi
1570 938 1759 982 paululum
1782 939 1880 971 anti-

191 1007 335 1052 quiori,
363 1006 516 1050 ideoque
544 1004 827 1039 restrictionibus
854 1004 1024 1049 plurimis
1053 1004 1207 1037 obnoxio
1224 1028 1234 1047 ,
1262 1004 1608 1048 complectebantur.

237 1073 395 1107 Corallia
434 1072 588 1116 ideoque
620 1070 818 1115 Polyparia
852 1081 933 1103 cum
966 1070 1100 1115 plantis
1132 1062 1326 1102 commixta
1359 1074 1395 1102 et
1423 1080 1495 1114 qua
1529 1069 1616 1102 tales
1649 1068 1768 1102 habita
1801 1068 1884 1102 fue-

186 1143 274 1172 runt
313 1149 335 1171 a
367 1143 528 1182 tempore
561 1148 632 1181 quo
670 1136 909 1169 innotuerunt
940 1147 1057 1181 usque
1092 1135 1135 1168 ad
1176 1135 1294 1179 1699,
1330 1134 1399 1168 five
1435 1135 1558 1179 potius
1589 1135 1738 1168 sortasse
1774 1144 1880 1179 1727,

188 1204 463 1247 Droscommzs,
491 1212 655 1245 erms,
683 1212 949 1245 cAussierus,
974 1211 1216 1236 TOURNEFORT
1238 1204 1305 1233 ete.
1325 1224 1336 1243 ,
1370 1211 1566 1245 omnesque
1589 1205 1775 1243 auctores,
1812 1200 1882 1233 five

187 1269 312 1303 iisdem
342 1269 506 1304 viventes
538 1267 762 1312 temporibus
797 1267 869 1299 five
905 1266 1127 1309 anteriores,
1163 1265 1328 1309 partibus
1363 1271 1503 1298 tantum
1534 1265 1773 1299 exterioribus
1811 1265 1882 1298 du-

186 1335 263 1377 ris,
304 1334 473 1367 calcareis
514 1338 549 1365 et
588 1342 661 1364 non
713 1330 909 1373 absolutis,
955 1330 1040 1374 quia
1086 1329 1228 1363 nonnifi
1265 1334 1404 1374 partem
1441 1330 1552 1363 totius
1585 1330 1777 1373 videbant,
1822 1330 1882 1363 in-

187 1400 345 1445 spectis,
392 1398 472 1430 illas
512 1395 771 1440 productiones
813 1395 857 1426 ad
903 1404 1055 1438 regnum
1085 1395 1280 1437 vegetabile
1313 1395 1540 1437 referebant,
1573 1395 1610 1427 in
1643 1396 1758 1440 iisque
1785 1396 1884 1429 radi—

189 1477 271 1508 ces,
305 1469 474 1505 truncos‚
501 1470 646 1502 ramos,
678 1459 766 1503 quin
799 1458 872 1490 imo
896 1457 1003 1490 flores
1029 1457 1229 1495 distinxere.
1279 1455 1421 1491 Tantus
1444 1464 1498 1492 est
1522 1471 1649 1504 error,
1679 1466 1779 1494 tanta
1802 1461 1885 1494 ani-

188 1532 238 1565 mi
269 1530 420 1564 caecitas
452 1527 491 1560 in
525 1525 755 1568 hominibus,
787 1536 899 1569 quum
932 1523 1194 1559 observationes
1228 1535 1302 1557 non
1337 1524 1444 1557 loli-10
1474 1526 1644 1559 nituntur
1669 1526 1883 1560 fundamen·

190 1598 245 1630 to!
297 1595 485 1630 Calcareae
518 1592 599 1625 illae
630 1591 796 1636 plantae,
824 1590 911 1622 haec
946 1590 1037 1622 male
1072 1590 1205 1623 credita
1240 1590 1476 1634 vegetabilia,
1514 1602 1639 1624 revera
1662 1597 1779 1625 tamen
1801 1591 1882 1625 sunt

191 1661 385 1704 animalia,
421 1659 478 1693 sed
516 1669 650 1703 organa
686 1668 730 1689 ex
762 1654 890 1700 quibus
926 1655 994 1688 hoc
1037 1655 1192 1699 dignosci
1225 1656 1397 1699 potuisset
1427 1656 1659 1689 exsiccatione
1691 1658 1884 1691 evanesce-

193 1729 306 1770 bant,
354 1737 446 1771 quae
483 1724 627 1769 quidem
665 1722 828 1766 operatio
862 1721 1056 1755 necessario
1091 1721 1344 1765 requirebatur
1375 1721 1417 1754 ad
1450 1722 1620 1765 reliquias
1659 1722 1806 1756 illorum
1844 1723 1881 1755 in

192 1792 331 1827 Museis
375 1789 659 1830 conservandas3
700 1794 735 1821 et
774 1787 907 1820 tamdiu
951 1787 1122 1830 quamdiu
1167 1786 1227 1819 illa
1261 1798 1397 1831 organa
1441 1787 1623 1829 latebant,
1668 1787 1804 1820 nemini
1843 1788 1880 1821 in

194 1863 352 1892 mentem
379 1855 532 1890 venisset
562 1853 709 1887 corallia
734 1854 831 1886 inter
855 1852 1022 1885 animalia
1057 1851 1244 1885 collocare.
1298 1853 1365 1885 Sed
1390 1864 1484 1884 anno
1511 1852 1601 1896 1699
1627 1863 1806 1885 mestun
1832 1853 1881 1886 il-

193 1924 229 1957 la
266 1923 442 1967 producta
483 1920 582 1953 facili
626 1919 768 1962 negotio
799 1918 873 1952 vita
905 1918 1050 1950 animali
1083 1918 1237 1961 gaudere
1270 1920 1371 1961 posse
1408 1918 1601 1962 suspicatus
1634 1924 1685 1951 est
1720 1924 1754 1950 et
1782 1901 1878 1951 anno

199 1999 316 2032 1727,
351 1996 576 2027 PEYSSONEL,
604 1984 666 2028 qui
697 1984 739 2016 de
777 1982 991 2027 quibusdam
1027 1982 1191 2016 historiae
1215 1984 1391 2016 naturalis
1423 1983 1587 2027 partibus
1610 1984 1744 2026 optime
1765 1984 1881 2017 meri-

196 2060 256 2088 tus
291 2060 368 2095 est,
415 2052 656 2084 coniecturam
687 2060 864 2083 IMPERATI
898 2048 1127 2082 confirmavit
1155 2054 1262 2093 atque
1295 2049 1332 2081 in
1362 2049 1546 2082 veritatem
1583 2050 1773 2082 convertit.
1824 2048 1880 2082 Ab

197 2121 264 2154 hoc
295 2119 379 2152 inde
409 2124 570 2161 tempore
599 2105 760 2149 homines
795 2113 1022 2159 sagacissimi,
1060 2125 1179 2148 rerum
1215 2114 1373 2147 novitate
1408 2114 1506 2147 ducti
1535 2120 1570 2146 et
1594 2115 1684 2147 tanti
1709 2115 1880 2148 momenti

200 2186 471 2229 pliaenomenon
498 2180 592 2216 nova
613 2181 692 2214 luce
718 2180 921 2213 collustrare
939 2180 1124 2225 cupientes
1141 2204 1150 2222 ,
1171 2178 1281 2212 studio
1307 2179 1533 2223 polyporum
1552 2180 1712 2213 certatim
1732 2191 1879 2223 operam

201 2255 406 2290 navarunt,
444 2252 480 2280 et
517 2246 658 2291 quidem
702 2245 891 2279 doctissimi
929 2246 998 2279 viri
1036 2257 1103 2290 per
1142 2245 1317 2288 integram
1359 2245 1467 2277 vitam
1508 2244 1702 2278 istiusmodi
1733 2244 1880 2278 investi-

203 2314 336 2359 gationi
369 2313 401 2345 se
435 2312 636 2345 incubuisse
672 2311 838 2345 lubenter
867 2311 1177 2356 praedicaverunt.
1231 2312 1329 2343 luter
1362 2311 1426 2344 hos
1459 2311 1703 2344 numerandus
1737 2316 1789 2343 est
1819 2322 1882 2343 ce-

205 2380 315 2413 lebris
347 2389 447 2411 ELLis
479 2378 539 2410 cui
575 2378 753 2412 accedunt
787 2388 986 2420 nmnsmm,
1021 2387 1178 2417 BAsrssR,
1212 2386 1396 2419 BOCCONE,
1425 2386 1649 2418 ιἘΥεςοΝΕι,
1675 2386 1873 2419 lie-summi,

205 2454 400 2486 CAROLIM,
437 2453 577 2475 mssmu
608 2449 643 2476 et
678 2454 835 2487 DONArr,
875 2444 938 2487 qui
968 2443 1004 2475 in
1032 2441 1141 2475 studio
1164 2441 1403 2474 Coralliorum
1430 2441 1638 2486 praesertim
1664 2452 1771 2485 quam
1798 2453 1880 2474 ma-

205 2511 319 2547 ximos
354 2508 561 2554 progressus
596 2508 692 2543 fecit.
745 2509 949 2544 TREanEY
980 2508 1042 2542 elfi
1071 2508 1314 2542 tantummodo
1350 2508 1388 2541 in
1420 2507 1579 2552 Polypos
1607 2506 1731 2540 molles
1758 2505 1882 2540 obser-
