2024 3022
187 261 232 284 22
527 243 712 280 CAROLI
748 239 1010 277 FRANCISCI
1045 241 1263 277 ANTONII
1300 241 1519 277 MORREN

244 437 279 460 1.
330 422 403 467 Ists
417 424 603 468 spiralis,
631 421 755 456 Nobis.

239 490 302 524 lfis
351 489 511 523 articulis
546 487 696 532 lapideis
735 486 940 532 cylindricis
980 486 1130 531 sitiatis,
1168 487 1261 522 striis
1289 488 1327 522 in
1369 487 1488 533 spirali
1523 489 1724 533 contortis,
1749 490 1867 527 laevi*

190 556 256 590 bus
271 580 282 599 ‚
308 560 426 588 toturn
453 554 648 588 articulum
673 552 929 598 exarantibus,
955 553 1130 598 geniculis
1153 554 1378 598 incrassatis,
1404 554 1576 588 iunctura
1606 555 1740 590 conica.

238 621 294 653 Ex
322 620 447 654 Museo
462 644 628 657 .......

238 686 322 720 Vid.
349 686 442 721 Tab.
470 686 538 720 ΙΙΙ.
557 685 614 731 fig.
643 696 676 719 1.
695 683 888 718 articulum
907 684 1151 730 magnitudine
1170 685 1328 720 naturali
1339 698 1351 728 3
1371 684 1430 731 fig.
1452 696 1490 720 2.
1508 686 1700 721 articulum
1719 688 1742 721 5
1761 689 1869 724 diam.

191 758 355 786 auctum·

237 817 489 860 Archetypum
524 814 662 859 fosfile,
698 826 718 848 e
757 815 875 848 stratis
911 815 1079 849 cretaceis
1105 815 1290 850 albisfimis
1320 814 1430 861 Οἰρζγ
1456 827 1572 861 prope
1595 816 1742 852 Montes
1765 817 1874 853 Han-

187 893 396 916 nemorum.

241 947 327 993 Obs.
376 946 439 980 Ifis
473 946 535 979 illa
564 945 760 980 maximam
791 944 991 990 analogiam
1020 943 1127 978 habet
1163 956 1244 978 cum
1281 945 1381 987 Iside
1410 944 1601 987 Melitenst
1626 955 1761 979 eoum.
1787 946 1876 989 (Pe-

188 1013 272 1046 tref.
299 1024 381 1057 pag.
415 1021 475 1045 20.
513 1010 609 1045 Gen.
649 1010 718 1044 IX.
743 1010 796 1055 sp.
830 1022 863 1045 1.
890 1009 986 1044 Tab.
1015 1009 1099 1044 VII.
1122 1009 1179 1055 fig.
1205 1022 1263 1054 17.
1289 1010 1436 1053 a—b.),
1460 1010 1518 1044 sed
1541 1009 1587 1043 ab
1611 1020 1654 1043 ea
1674 1015 1794 1044 tamen
1814 1011 1873 1044 di-

188 1080 328 1123 screpat
359 1077 450 1112 striis
465 1101 478 1121 ,
506 1087 599 1121 quae
624 1075 663 1109 in
689 1075 809 1110 nostra
833 1076 946 1121 specie
971 1075 1149 1120 spiraliter
1180 1081 1502 1120 contorquuntur,
1528 1075 1614 1108 dum
1641 1080 1769 1109 contra
1791 1086 1875 1113 reo-2

192 1149 249 1177 tae
271 1145 354 1177 sunt
379 1143 414 1175 in
441 1143 479 1176 1.
504 1141 713 1188 Melitense.
766 1140 838 1174 Hic
871 1141 1014 1186 quidem
1052 1141 1263 1184 character,
1293 1140 1412 1174 addita
1446 1140 1663 1185 Geologicae
1686 1140 1872 1185 pofitionis

188 1207 409 1250 diverfitate‚
444 1217 511 1239 nos
547 1207 645 1240 ducit
678 1206 722 1240 ad
765 1217 894 1240 novam
929 1206 1026 1240 illam
1059 1205 1312 1239 instituendam
1343 1205 1514 1250 speciem,
1549 1216 1641 1250 quae
1673 1204 1783 1250 ΟἱΡζγ
1807 1217 1874 1239 oc-

187 1273 319 1307 currit.
380 1271 661 1306 Articulationes
695 1271 794 1303 illius
832 1270 965 1314 speciei
997 1271 1070 1302 duo
1103 1270 1314 1302 centimetra
1348 1269 1566 1313 altitudine,
1594 1270 1664 1303 tria
1702 1270 1873 1304 millime—

186 1346 245 1373 tra
294 1338 467 1371 diametro
509 1335 714 1370 transverso
757 1334 970 1379 adaequant.
1042 1333 1298 1368 Extremitates
1339 1334 1424 1367 sunt
1463 1335 1668 1379 rotundae,
1707 1336 1872 1380 conicae,

186 1403 346 1448 margine
380 1403 441 1437 seu
472 1401 591 1436 varice
624 1399 793 1432 crassiore
821 1399 967 1432 saliente
1000 1399 1255 1431 circumdatae.
1312 1398 1369 1430 Ab
1395 1399 1490 1432 hisce
1524 1400 1744 1446 marginibus
1775 1401 1873 1435 inter

185 1469 276 1502 duas
307 1467 553 1501 extremitates
597 1465 838 1499 extenduntur
878 1463 982 1497 striae
1023 1462 1201 1508 spiraliter
1243 1468 1453 1508 contortae,
1493 1474 1586 1509 quae
1619 1466 1716 1500 inter
1747 1466 1782 1499 se
1809 1477 1871 1501 re—

188 1534 362 1578 linquunt
395 1530 566 1576 parvulas
591 1529 873 1576 proeminentias
905 1529 1056 1563 lineares
1088 1533 1123 1561 et
1157 1527 1360 1573 parallelas.

237 1674 271 1697 2.
322 1661 394 1705 Ifis
437 1660 652 1703 Comama,
697 1658 822 1693 Nobis.

236 1727 297 1760 Ifis
337 1726 501 1760 articulis
531 1725 681 1770 lapideis
714 1721 944 1767 cylindricis,
977 1719 1144 1754 flexuosis
1161 1744 1173 1764 ,
1208 1720 1515 1766 longitudinaliter
1552 1721 1719 1768 sulcatis,
1745 1724 1869 1761 brevi-

192 1793 287 1836 bus,
312 1791 485 1836 geniculis
510 1789 633 1836 paullo
662 1787 884 1831 incrassatis,
914 1787 1085 1820 iunctura
1122 1784 1253 1831 plana,
1280 1786 1340 1819 axi
1373 1786 1560 1832 tubuloso,
1591 1789 1701 1823 ramis
1724 1789 1869 1824 flexuo-

189 1857 254 1900 fis,
280 1857 467 1900 incurvis,
499 1855 638 1889 coalitis
656 1878 667 1898 ,
693 1865 713 1887 e
736 1858 860 1886 centro
886 1850 1163 1897 prodeuntibus.
1750 1851 1753 1854 ⁴

238 1921 458 1966 Hippurita
484 1919 678 1954 Corallina
701 1924 904 1953 auctorum.

237 1986 326 2020 Vid.
353 1986 444 2019 Tab.
480 1984 547 2019 1V.
578 1984 636 2030 fig.
673 1994 707 2018 ι.
739 1984 976 2029 fragmentum
1006 1981 1249 2027 magnitudine
1282 1982 1462 2026 naturali,
1495 1983 1573 2028 Fig.
1604 1993 1639 2020 2.
1671 1985 1865 2020 articulum

190 2053 392 2098 separatum
425 2062 445 2083 2
477 2051 584 2084 diam.
614 2055 774 2083 auctum.

239 2116 484 2151 Petrefactum
523 2114 720 2148 calcareum
753 2114 940 2149 invenitur
967 2113 1005 2147 in
1032 2113 1178 2159 regione
1210 2112 1457 2158 Groningana.

245 2182 332 2228 Ohs.
385 2181 560 2214 Occurrit
584 2179 659 2224 Iste
690 2179 882 2214 Corallina
907 2179 944 2212 in
979 2177 1138 2212 calcareo
1169 2178 1265 2224 quod
1293 2177 1516 2212 transitionis
1546 2178 1712 2222 videtur,
1745 2185 1781 2213 et
1801 2180 1866 2215 sub

194 2249 336 2280 nornine
369 2247 478 2291 supra
505 2245 650 2280 laudato
685 2256 706 2279 a
734 2244 945 2290 quibusdam
984 2245 1156 2289 descripta
1184 2244 1279 2286 fuit3
1313 2242 1457 2277 articuli
1495 2243 1518 2276 3
1542 2243 1598 2277 vel
1619 2244 1641 2276 4
1667 2244 1781 2279 lineas
1805 2246 1865 2290 di-

196 2317 331 2344 ametro
365 2316 519 2356 aequant
556 2316 592 2345 et
623 2312 645 2345 4
676 2311 734 2345 vel
768 2312 790 2344 5
828 2310 1029 2344 altitudine.
1090 2309 1254 2352 Collum,
1298 2309 1358 2342 seu
1386 2318 1471 2353 pars
1504 2309 1735 2354 intermedia,
1776 2321 1866 2349 cong

195 2381 351 2412 tractum
398 2382 476 2420 est,
513 2388 584 2421 quo
620 2377 792 2410 oriuntur
824 2377 868 2410 ad
901 2375 1167 2410 articulationes
1198 2374 1329 2420 species
1361 2374 1580 2408 annulorum
1617 2374 1676 2409 vel
1705 2376 1865 2411 varicum

198 2441 427 2476 circularium
452 2452 526 2474 non
558 2442 748 2477 admodum
781 2441 1025 2478 distinctorum
1059 2452 1141 2475 cum
1176 2440 1329 2486 quadam
1357 2440 1451 2476 rima
1481 2440 1525 2475 ad
1555 2440 1736 2484 medium,
1772 2452 1865 2487 quae
