2024 3022
217 257 263 290 58
543 247 742 285 CAROLI
775 242 1034 281 FRANCISCI
1068 244 1284 279 ANTONH
1320 243 1539 279 MORREN

265 366 483 409 Madrepora
508 358 807 397 truncata'mnx.
834 370 961 404 organ.
987 370 1076 392 rem.
1103 358 1152 392 ΙΙ.
1179 358 1272 392 Tab.
1300 360 1336 392 5.
1363 357 1421 403 fig.
1450 369 1483 393 2.
1513 371 1551 403 p.
1578 359 1639 403 47.

264 431 580 478 Caryophyllo'ide
604 433 640 461 et
665 427 841 468 aster-ite,
878 425 1057 459 Guettard
1081 424 1130 457 Π.
1167 423 1259 458 Tab.
1287 434 1330 457 22
1358 429 1393 457 et
1418 425 1478 457 52.
1508 436 1545 468 1>-
1573 425 1659 458 455.
1686 429 1722 458 et
1745 437 1782 470 p.
1810 427 1895 460 510.

262 500 452 535 Invenitur
477 498 514 529 in
540 495 698 528 calcareo
722 492 931 526 transitorio
957 490 1183 525 Provinciae
1206 491 1465 533 Namurerzsts.

265 566 348 612 Olgf.
401 564 500 597 Haec
535 560 726 607 peculiaris
764 559 895 603 species
921 558 1029 601 vulgo
1054 558 1215 590 occurrit
1240 558 1277 589 in
1305 557 1464 590 calcareo
1492 557 1718 590 transitionis
1743 559 1897 603 provin-

217 633 291 666 ciae
327 628 569 664 Namurenfis.
621 627 708 660 Vidi
745 625 953 660 varietatem
987 623 1197 656 delineatam
1228 615 1323 657 'Tab.
1363 616 1481 656 XIX-¹
1506 634 1527 655 a
1550 623 1595 657 cl.
1621 634 1778 667 conon,
1807 636 1896 668 quae

214 698 369 732 varietas
395 694 541 728 ostendit
567 692 742 738 quomodo
769 690 960 734 specimina
986 688 1154 721 alultiora
1182 689 1374 733 caespitosa
1397 688 1560 723 evadant.

263 836 318 863 ιο.
375 824 697 871 Cyatlzophylla'm
734 821 1032 864 helianthoides,
1066 819 1200 853 GOLDF.
1237 831 1274 864 p.
1299 819 1369 866 *61.
1406 819 1501 854 Tab.
1529 820 1616 854 XX.
1644 819 1712 866 fig..
1731 812 1896 854 2.'a—k.

217 893 309 927 Tab.
338 892 445 927 XXI.
473 891 530 935 fig.
561 901 592 923 1.
621 888 687 922 ab.

267 961 308 995 C.
336 959 533 993 solitarium
561 956 617 991 vel
644 954 898 1000 caespitosum‚
938 950 1065 985 cellula
1099 949 1281 984 terminali
1312 950 1473 994 margine
1505 949 1706 983 [ubreflexo
1739 951 1791 996 (in
1813 963 1896 986 cae-

212 1025 346 1072 spitofis
379 1023 592 1069 pentagono)
624 1020 801 1065 expanlb,
834 1023 957 1052 centro
987 1018 1058 1051 late
1093 1016 1327 1059 umbilicato,
1360 1016 1468 1049 radiis
1491 1016 1659 1061 (60-80)
1681 1018 1888 1062 geminatis»,

211 1094 248 1127 in
285 1093 381 1125 disco
416 1087 693 1123 confluentibus.

264 1157 484 1201 Madrepora
510 1153 718 1194 turbinata,
746 1161 871 1184 EsPEm
895 1148 1030 1182 Petref.
1057 1147 1150 1180 Tab.
1176 1147 1211 1181 5.
1240 1145 1298 1190 fig.
1327 1146 1361 1179 5.

259 1223 449 1257 Transact.
486 1220 529 1254 of
559 1220 617 1252 ihe
653 1217 803 1260 Geolog.
832 1216 902 1248 soc.
931 1215 961 1248 I.
989 1206 1079 1246 Tab.
1108 1223 1167 1256 29.
1197 1211 1255 1256 fig.
1283 1213 1322 1245 4.

195 1316 198 1321 .
251 1279 506 1322 'Petrefactum
539 1285 737 1317 calcareum
775 1293 795 1313 e
830 1281 986 1314 calcareo
1024 1278 1235 1312 transitorio
1270 1277 1483 1311 Provinciae
1509 1278 1741 1313 Namurenfis
1766 1285 1834 1313 etc,
1863 1286 1898 1313 et

210 1355 306 1400 apud
330 1363 461 1387 GOLDF.
488 1351 556 1384 loc.
583 1348 678 1382 laud.
705 1345 880 1392 Effeliae
905 1351 940 1378 et
973 1344 1177 1378 Americae
1194 1343 1523 1388 fhptentrionalis.

263 1420 347 1464 Obs.
411 1408 536 1451 Huiusv
573 1413 700 1458 speciei
746 1399 899 1446 nonnifiv
928 1411 1132 1445 varietatem
1176 1409 1401 1452 caespitosam
1454 1410 1527 1443 vidi
1545 1435 1555 1453 ‚
1598 1411 1653 1444 uti
1699 1411 1898 1445 delineatur

210 1488 247 1520 in
272 1486 306 1519 k.
333 1483 425 1517 Tab.
450 1481 536 1514 XX.
566 1479 686 1524 operis
713 1488 841 1512 GOLDF.
900 1474 1096 1508 Existentia
1126 1473 1232 1506 huius
1259 1471 1530 1518 Cyatlzoplzylli
1551 1475 1588 1507 in
1620 1475 1787 1509 calcareis
1814 1476 1896 1509 Eu-

209 1562 318 1596 ropae
350 1555 385 1582 et
415 1547 598 1581 Americae
632 1541 919 1588 septentrionalis
954 1540 1072 1584 quoad
1110 1538 1319 1582 Geologiam
1351 1538 1487 1582 aliquid
1506 1540 1710 1573 mirandum
1734 1541 1894 1584 praebet.

262 1681 372 1716 XXV
399 1680 522 1712 Genus
548 1683 779 1709 MEANDRINA.

259 1744 496 1790 Polyparium
545 1740 748 1784 lapideum,
804 1735 938 1778 fixum,
979 1735 1017 1767 in
1058 1733 1203 1766 massam
1245 1734 1435 1778 simplicem
1478 1735 1795 1781 hemisphaericam
1837 1740 1893 1773 vel

212 1810 479 1858 sphaero'i'deam
514 1807 764 1851 glomeratum.

258 1879 427 1912 Convexa
466 1871 681 1918 superficies
706 1867 917 1902 ambulacris
954 1864 1224 1906 subexcavatis,
1268 1865 1459 1908 repandis,
1498 1864 1669 1908 finuofis,
1710 1868 1746 1899 in
1784 1874 1890 1901 utro-

210 1955 279 1988 que
311 1943 422 1976 latere
454 1937 638 1973 lamellofis
669 1934 821 1968 obtecta.
873 1930 1053 1965 Lamellae
1083 1930 1306 1963 transversae
1346 1935 1380 1962 et
1413 1929 1627 1974 parallelae,
1667 1931 1778 1964 cristis
1815 1934 1893 1966 coi—

211 2008 386 2043 linaribus
411 2007 576 2038 adnaiae.

259 2074 358 2108 LAM.
387 2083 446 2104 an.
473 2071 497 2104 Γ.
524 2073 616 2103 vert.
644 2067 691 2100 II.
719 2079 754 2111 p.
781 2064 864 2097 244.

264 2215 297 2236 1.
351 2200 581 2235 Meandrina
620 2197 820 2232 reticulata
848 2205 984 2228 GOLDF.
1010 2205 1047 2237 p.
1070 2192 1130 2225 65.
1157 2191 1248 2225 Tab.
1270 2189 1377 2225 XXI.
1402 2190 1460 2235 fig.
1487 2192 1522 2224 5.
1548 2191 1613 2224 ab.

262 2269 315 2302 M.
355 2266 574 2300 anfractibus
618 2262 865 2308 angustissimis
910 2259 1076 2293 tortuosis
1118 2257 1332 2290 reticulatim
1382 2257 1660 2292 conniventibus
1676 2282 1686 2300 ‚
1739 2258 1888 2293 lamellis

213 2334 347 2378 exiguis
385 2333 575 2375 confertis,
621 2329 770 2363 collibus
806 2327 916 2369 latis,
957 2325 1096 2370 planis,
1136 2323 1287 2356 reticulo
1329 2324 1549 2357 lamellarum
1581 2325 1786 2359 tenuissimo
1818 2327 1886 2359 ob-

214 2400 342 2433 ductis.

262 2464 456 2499 Mandrite
499 2472 597 2496 mm.
647 2462 729 2495 hist.
773 2464 846 2493 nat.
884 2458 926 2491 de
966 2457 999 2490 la
1028 2461 1141 2490 mont.
1174 2455 1226 2489 St.
1268 2455 1392 2489 Pierre
1423 2467 1460 2499 p.
1489 2460 1568 2499 ¹90·
1603 2455 1693 2488 Tab.
1730 2454 1890 2489 XXXV.

213 2531 270 2577 fig.
297 2543 311 2565 1
340 2535 374 2563 et
393 2540 429 2563 2.
