2024 3022
407 210 695 258 RESPONsm-
725 220 774 257 Ap
815 207 1186 256 QUAESTmNEM
1226 197 1582 243 zooLoetoAM.
1825 209 1847 240 5

154 330 316 373 vationes
358 329 440 372 ‘suas
478 328 692 372 instituerit,
734 333 852 361 tamen
899 327 983 372 plus
1027 337 1134 371 quam
1171 324 1321 370 plurimi
1360 324 1421 356 alii
1458 323 1502 357 ad
1538 322 1719 356 scientiam
1752 334 1844 366 pro-

148 396 359 431 movendam
397 395 575 437 contulit,
615 394 776 439 pulchris
813 393 999 436 inventis,
1051 403 1143 436 quae
1180 389 1402 435 temporibus
1449 389 1537 423 isstis
1582 388 1840 422 miraculorum

150 462 299 506 speciem
342 473 430 507 prae
473 462 506 494 se
543 459 718 493 ferebant.
769 459 1060 504 Investigationes
1094 458 1316 492 celeberrimi
1352 458 1460 490 huius
1495 456 1562 491 viri
1589 455 1744 488 maximo
1779 466 1843 487 ar-

149 529 236 562 dore
276 539 298 561 a
335 538 468 561 ROESEL
500 526 736 568 continuata,
771 536 845 557 non
880 524 993 558 solum
1031 526 1075 559 ad
1116 525 1286 559 animalia
1310 523 1508 569 praesentis
1535 522 1660 556 mundi
1685 521 1754 555 sese
1779 533 1846 554 ex-

147 594 362 637 tendebant,
396 593 454 627 sed
486 592 530 626 ad
561 597 724 636 tempora
758 590 924 624 historica
958 592 1066 624 etiam
1098 591 1358 625 adscenderunt
1394 595 1430 623 et
1459 590 1545 622 licet
1569 589 1605 621 in
1630 587 1844 622 debilissima

150 660 380 694 oeconomiae
424 658 587 691 animalis
623 658 720 691 entia
753 662 896 702 agentes
932 657 1036 690 nobis
1067 662 1187 690 tamen
1220 656 1258 689 in
1288 655 1483 688 durisfimis
1523 655 1669 698 quidem
1709 653 1846 698 lapidi-

145 727 213 760 bus
239 726 382 771 alteque
417 724 559 759 defosfis
597 730 634 758 et
667 725 706 758 in
742 723 906 759 subversa
930 723 994 757 soli
1019 722 1205 769 superficie
1232 722 1373 766 vestigia
1398 720 1627 765 Hydraram
1653 719 1844 753 similium-

147 804 217 838 que
247 793 455 827 animalium
491 791 735 825 ostenderunt.

195 859 277 893 Non
313 860 490 893 miramur
525 858 636 903 igitur
677 858 772 903 quod
807 857 878 891 solo
918 856 1052 891 defossa
1089 861 1125 889 et
1167 855 1309 899 quidem
1345 853 1577 898 integerrima
1611 851 1846 898 reperiantur

144 925 388 971 Lithophyta,
417 926 512 970 quod
539 930 638 958 tanta
663 925 705 958 fit
730 936 855 958 eorum
883 924 1009 969 copia,
1037 928 1073 956 et
1098 923 1244 967 superet
1269 932 1461 954 numerum
1487 920 1650 953 omnium
1677 924 1842 952 caetero-

146 1003 227 1026 rum
263 992 472 1025 animalium
510 991 660 1024 iunctim
692 991 944 1035 sumptorum,
992 989 1161 1034 quoniam
1194 988 1267 1021 sola
1302 992 1337 1020 et
1379 987 1521 1030 quidem
1557 984 1718 1030 regiones
1750 984 1847 1018 inte-

142 1070 247 1104 grae,
283 1058 446 1103 reliquiis
474 1057 695 1091 mirabilium
722 1057 869 1089 illorum
907 1055 1116 1089 animalium
1151 1053 1324 1088 constant.
1376 1052 1460 1086 Sola
1494 1051 1718 1085 constituunt
1757 1052 1846 1083 uni-

144 1126 278 1160 versam
311 1124 439 1157 molem
465 1123 715 1168 'quarumdum
743 1122 914 1167 rupium,
952 1122 1129 1166 nobisque
1158 1120 1278 1154 nobile
1304 1118 1474 1153 exhibent
1496 1117 1723 1163 exemplum,
1748 1117 1845 1161 quod

144 1190 285 1224 Natura
319 1201 470 1223 numero
498 1190 599 1233 saepe
626 1189 910 1233 magnitudinem
937 1186 1082 1233 supplet
1118 1191 1153 1220 et
1199 1185 1321 1219 divina
1347 1183 1497 1230 quadem
1535 1181 1765 1228 providentia
1799 1192 1843 1214 ex

141 1257 297 1291 minimis
324 1257 479 1290 maxima
507 1255 661 1289 deducit.
714 1254 851 1287 Nostris
889 1255 994 1287 etiam
1026 1251 1251 1296 temporibus
1268 1276 1278 1294 ,
1311 1263 1330 1284 e
1353 1251 1461 1284 maris
1486 1248 1659 1283 fluctibus
1685 1247 1843 1289 insulae,

148 1323 430 1367 Polypariorurn
464 1320 741 1365 aggregatione,
781 1319 1007 1364 exsurgunt,
1048 1321 1157 1360 atque
1199 1327 1244 1349 ex
1278 1315 1475 1349 istiusmodi
1509 1315 1682 1359 exemplis
1725 1313 1846 1358 colligi

148 1391 291 1432 potest,
329 1385 417 1429 quid
449 1385 493 1434 in»
518 1384 609 1416 scala
635 1385 749 1415 multo
779 1383 906 1414 maiori
931 1382 1050 1413 locum
1073 1381 1263 1422 habuerit,
1292 1380 1435 1423 quando
1462 1380 1602 1413 Natura
1628 1380 1752 1424 vigore
1777 1380 1850 1419 sso-¹

145 1452 257 1486 rentis
282 1449 481 1484 iuventutis
511 1454 546 1481 et
573 1448 709 1493 ingenti
736 1446 1026 1492 reproductiouis
1063 1446 1098 1480 vi
1118 1446 1234 1479 adhuc
1258 1445 1423 1489 polleret.
1476 1445 1594 1489 Igitur
1617 1445 1748 1490 Polypi
1774 1457 1848 1490 po—,

143 1518 291 1564 lypariis
328 1516 491 1551 instructi
527 1515 676 1549 caeteris
714 1513 929 1547 animalibus
967 1510 1191 1558 praecellunt
1236 1510 1438 1545 incredibili
1473 1509 1535 1544 sua
1583 1510 1844 1555 reproductio-

144 1596 212 1628 ne,
251 1589 287 1617 et
323 1583 358 1616 vi
392 1582 544 1614 maxima
573 1592 680 1625 quam
713 1581 750 1613 in
783 1579 923 1613 telluris
953 1577 1140 1624 superficie
1173 1583 1358 1612 exercent.
1423 1576 1491 1611 Sed
1522 1588 1597 1611 non
1625 1577 1746 1610 minus
1772 1578 1845 1611 mi—

147 1649 258 1684 randa
295 1648 469 1692 qualitate
504 1648 688 1690 eminent,
725 1645 865 1679 scilieet
890 1650 1006 1679 aetate
1039 1645 1236 1678 creationis
1276 1645 1453 1689 relativa,
1493 1643 1563 1680 five
1590 1643 1667 1677 aliis
1694 1643 1841 1686 verbis,

147 1724 310 1760 tempore
338 1714 560 1747 formationis
597 1713 667 1746 five
690 1712 930 1757 apparitionis
964 1723 1091 1746 eorum
1116 1712 1154 1745 in
1181 1716 1304 1755 terra,
1342 1710 1455 1744 relato
1482 1721 1565 1744 eum
1591 1715 1754 1755 tempore
1774 1722 1846 1755 ap-

148 1781 336 1827 paritionis
364 1785 588 1813 caeterorum
613 1778 835 1812 animalium.
889 1778 1035 1812 Etenim
1066 1777 1241 1823 Geologi,
1280 1778 1377 1810 inter
1412 1788 1501 1821 quos
1524 1776 1663 1822 semper
1689 1775 1850 1821 primum

144 1847 279 1883 tenebit
318 1846 437 1879 locum
469 1843 693 1878 Clarissimus
729 1854 893 1887 CUVIER,
928 1850 1079 1890 propter
1110 1844 1273 1878 sublimia
1304 1843 1487 1889 principia
1519 1854 1611 1888 quae
1648 1854 1693 1876 ex
1728 1842 1842 1876 studio

144 1915 274 1948 ossium
317 1912 487 1946 fosfilium
529 1910 675 1943 deduxit
704 1915 739 1943 et
771 1912 814 1944 ad
850 1910 1012 1944 Naturae
1048 1910 1307 1954 philosophiam
1344 1908 1568 1954 applicavit,
1608 1919 1674 1940 nos
1706 1908 1843 1941 docue-

150 1986 238 2014 ruut
268 1979 439 2012 animalia
472 1978 511 2010 in
547 1982 665 2010 terrae
702 1975 891 2021 superficie
933 1988 1005 2010 non
1035 1976 1137 2010 simul
1164 1976 1201 2009 in
1234 1988 1306 2010 uno
1340 1981 1530 2019 tempore,
1572 1973 1630 2007 sed
1667 1974 1843 2019 paulatim

148 2047 256 2092 magis
295 2046 477 2090 magisque
515 2043 748 2088 apparuisse,
784 2043 820 2075 in
858 2048 1021 2089 tempore
1055 2048 1202 2077 mutuae
1236 2041 1474 2087 apparitionis
1509 2041 1671 2074 ordinem
1703 2046 1841 2075 eertum

148 2112 334 2148 servantia.
397 2110 512 2155 Atqui
555 2110 580 2143 fi
620 2115 690 2143 tam
738 2109 962 2155 longissime,
1001 2121 1109 2154 quain
1144 2109 1334 2154 patiuntur
1377 2108 1642 2142 observationes
1674 2112 1708 2140 et
1751 2107 1842 2140 sacta

153 2179 294 2224 cognita
310 2202 320 2221 ,
358 2177 397 2210 in
431 2175 702 2210 remotissimam
728 2175 1015 2220 retrogredimur
1040 2176 1279 2219 creationem,
1307 2175 1536 2221 pervenimus
1561 2175 1605 2207 ad
1630 2179 1807 2218 punctum
1826 2199 1836 2217 ,

149 2246 211 2279 ubi
244 2245 362 2290 prima
396 2242 536 2287 vestigia
559 2241 770 2275 animalium
798 2241 974 2285 existunt3
1009 2248 1119 2288 atque
1144 2243 1230 2276 haec
1256 2242 1399 2287 vestigia
1424 2241 1576 2274 iacentia
1603 2241 1639 2273 in
1666 2241 1747 2274 solis
1773 2253 1843 2275 an-

148 2311 354 2357 tiquissimis
390 2309 616 2355 Polyporum
644 2309 847 2355 polypariis
870 2310 1128 2345 instructorum
1154 2309 1236 2344 sunt
1261 2309 1446 2353 reliquiae.
1498 2307 1624 2353 Itaque
1651 2308 1738 2341 haec
1763 2308 1846 2341 ani-

147 2378 254 2412 malia
279 2376 377 2410 orbis
405 2381 582 2409 terrarum
607 2376 690 2410 sunt
715 2375 971 2421 antiquissima.

203 2443 302 2486 Quot
329 2448 537 2487 quantaque
563 2454 637 2476 non
662 2442 827 2476 defluunt
851 2442 1103 2488 Pliilosophica
1128 2441 1306 2487 principia
1331 2452 1375 2475 ex
1404 2440 1465 2475 tali
1491 2439 1588 2474 facto
1604 2465 1616 2485 ,
1645 2440 1742 2485 quod
1768 2451 1838 2472 no·

148 2512 201 2545 bis
239 2509 387 2545 ostendit
422 2508 610 2553 animalia,
641 2520 796 2555 quorum
823 2509 1003 2545 structura
1027 2515 1082 2545 est
1107 2508 1385 2555 simplicissima,
1415 2508 1521 2542 etiarn
1549 2508 1587 2542 in
1613 2511 1744 2542 natura
1770 2506 1842 2538 esse
