2024 3022
428 208 709 250 RESPONsm
750 224 800 250 ..n
838 213 1213 259 QUAEs’moNEM
1243 204 1606 255 ΖοὸιοαιοΑΜ.
1801 221 1857 267 ⁶7

157 330 236 360 unt.
301 325 398 361 Tubi
440 328 566 364 referti
596 330 679 364 sunt
711 329 884 375 crystallis
917 331 1121 367 carbonatis
1159 332 1292 376 oalcis3
1332 343 1400 370 nec
1438 333 1612 369 tuborum
1648 334 1848 380 plicaturae

157 404 223 426 nec
255 393 418 428 lamellae
444 395 625 430 stellarum
659 397 810 442 possunt
846 396 1025 444 distingui.

207 527 376 563 XXVIII
399 528 526 562 Genus
555 538 783 573 SARCINULA,
811 539 897 565 LAM.

206 595 444 640 Polyparium
481 595 662 640 lapideum
679 620 691 639 ‚
732 596 931 646 calcareum
948 621 959 640 ,
991 596 1174 640 liberum,
1210 608 1230 631 e
1257 597 1396 632 tubulis
1428 598 1636 643 cylindricis
1667 599 1850 644 parallelis

156 661 386 696 verticalibus
426 662 453 695 s.
493 662 762 707 divergentibus
805 663 1044 697 fasciculatim
1078 665 1300 709 aggregatis,
1333 664 1486 698 lamellis
1514 670 1579 699 aut
1607 664 1712 711 septis
1743 666 1854 701 inter-

155 727 278 761 mediis
320 728 531 762 transversis
561 728 706 766 iunctis.
771 728 870 763 Tubi
896 729 994 763 intus
1026 729 1132 775 septis
1167 731 1380 768 transverfis
1410 737 1447 766 et
1484 731 1636 768 lamellis
1669 732 1854 768 verticali-

155 792 220 825 bus
249 792 488 827 radiantibus.

203 860 305 894 Lm.
328 872 388 894 an.
412 860 438 894 s.
459 864 550 894 vert.
571 863 658 896 tom.
681 858 731 894 11.
754 870 793 904 p.
819 869 904 893 229.
934 869 1063 893 GoLDF.
1089 858 1230 894 Petref.
1253 859 1343 894 fasc.
1371 860 1404 895 1.
1427 872 1466 906 p.
1488 863 1546 907 75.

206 1004 237 1026 1.
292 993 494 1027 Sarcinala
530 1003 716 1037 organum
750 1001 838 1026 LAM.
866 989 947 1034 syst.
977 990 1038 1023 des
1067 990 1176 1025 anim.
1217 992 1244 1025 s.
1278 996 1372 1027 vert.
1402 992 1451 1026 11.
1485 1005 1522 1038 p.
1560 996 1644 1029 225.

202 1061 239 1093 S.
266 1059 363 1094 tubis
394 1060 545 1103 erectis,
575 1058 777 1103 parallelis,
813 1055 1046 1100 cylindricis.,
1067 1057 1236 1101 remotis,
1263 1069 1327 1091 ore
1353 1058 1490 1093 radiato
1515 1062 1734 1105 prominuh's
1750 1089 1761 1108 ‚
1787 1066 1845 1098 la-

153 1127 267 1160 mellis
295 1125 615 1168 connectentibus‚
649 1122 1022 1164 deflexo-fornicatis,
1062 1123 1236 1157 confertis
1253 1149 1262 1167 ,
1294 1124 1387 1159 striis
1417 1127 1641 1163 radiantibus
1665 1130 1840 1167 obductis·

202 1192 346 1225 Goum.
378 1191 516 1225 Petref.
547 1190 635 1223 fasc.
660 1189 690 1222 I.
718 1201 756 1233 p.
783 1188 842 1232 75.
868 1186 936 1220 ΝΟ.
961 1198 997 1220 1.
1015 1186 1108 1222 Tab.
1132 1188 1274 1224 XXIV.
1298 1189 1357 1236 fig.
1381 1203 1439 1226 10.
1463 1193 1528 1228 ab.

201 1258 424 1303 Madrepora
452 1268 640 1302 organum.
697 1255 811 1288 LmN.
843 1253 996 1287 Amoen.
1031 1254 1128 1288 acad.
1164 1255 1194 1289 I.
1226 1268 1266 1301 p.
1295 1257 1353 1300 96.
1376 1257 1468 1292 Tab.
1493 1259 1530 1293 4.
1552 1258 1608 1305 fig.
1630 1261 1667 1295 6.

199 1325 258 1358 Ex
290 1325 416 1358 Museo
446 1324 557 1358 Dom.
596 1321 709 1355 Seren
714 1344 833 1356 .....

199 1388 447 1423 Petrefactum
481 1389 682 1422 calcareum
710 1386 900 1420 invenitur
931 1385 969 1417 in
1005 1385 1149 1429 regione
1187 1385 1443 1434 Groningana.

201 1455 287 1501 Obf.
347 1454 449 1488 Haec
495 1453 625 1499 species
667 1453 774 1486 etiam
818 1451 857 1484 in
902 1449 1126 1484 Gothlandia
1156 1450 1229 1485 fuit
1258 1459 1417 1497 reperta.
1475 1455 1667 1503 Groninga
1696 1460 1850 1495 oriunda

150 1521 343 1566 specimina
377 1519 501 1564 spatho
522 1519 682 1551 calcareo
710 1516 950 1561 obteguntur.
1002 1515 1188 1551 Lamellae
1210 1520 1447 1556 conniventes
1471 1521 1610 1558 striatae
1629 1526 1738 1570 sunt,
1756 1525 1849 1562 striis

151 1586 378 1621 radiantibus
408 1596 453 1618 ex
484 1585 645 1629 margine
678 1582 905 1619 verticalium
932 1580 1121 1617 tuborum.

202 1732 238 1754 2.
290 1718 493 1753 sarcinula
525 1717 853 1763 maeropktlmlma
890 1728 1022 1753 GOLDF.
1060 1719 1197 1753 Petref.
1231 1718 1319 1753 fasc.
1352 1720 1382 1755 Ι,
1419 1729 1461 1766 Ρ.
1497 1722 1556 1766 75.
1586 1722 1654 1757 N0.
1683 1724 1723 1758 4.
1755 1723 1852 1759 Tab.·

151 1785 273 1820 XXV.
307 1784 368 1830 fig.
399 1797 433 1818 1.
465 1783 533 1818 ab.
1836 1788 1839 1790 ’

201 1852 238 1885 S.
274 1851 374 1885 tubis
409 1850 548 1894 rectis,
577 1850 867 1896 divergentibus‚
909 1850 1085 1894 remotis,
1130 1850 1297 1894 costatis3
1340 1852 1449 1886 radiis
1493 1854 1726 1889 verticalibus
1759 1856 1851 1889 senis

150 1917 362 1953 dichotomis
394 1928 415 1950 e
443 1921 570 1950 centro
590 1915 757 1950 tubuloso
776 1898 1031 1961 fidiantibus,
1060 1916 1209 1950 lamellis
1239 1919 1539 1955 connectentibus
1568 1921 1851 1957 remotiuseulis.

203 1985 260 2018 Ex
296 1983 425 2018 Museo
460 1983 571 2017 Dom.
605 1983 715 2017 Seren
719 2005 834 2019 .....

203 2049 447 2084 Petrefactum
481 2049 683 2083 calcareum
722 2049 909 2083 invenitur
935 2049 972 2083 in
1002 2049 1149 2094 regione
1186 2047 1451 2096 Groningancz.

207 2116 292 2162 Obs.
343 2115 486 2150 Fosfilis
530 2116 567 2149 in
607 2115 750 2150 Eiffelia
795 2120 939 2160 reperta
978 2114 1060 2150 fuit.
1121 2115 1344 2151 simillimam
1386 2118 1578 2164 Groninga
1608 2125 1723 2154 ortam
1759 2121 1843 2155 vidi.

154 2182 277 2216 costae
312 2194 444 2226 parum
469 2181 651 2217 distinctae
681 2187 717 2217 et
750 2181 912 2217 lamellae
945 2181 1201 2217 transversales
1235 2194 1365 2228 parum
1399 2184 1560 2230 copiosae
1591 2190 1626 2219 et
1651 2197 1725 2220 non
1749 2187 1846 2220 mul-

154 2256 233 2284 tum
273 2249 448 2284 distantes.

203 2516 412 2563 Groningae
425 2521 568 2563 reperta
579 2515 647 2550 fuit
662 2515 794 2561 species
811 2514 994 2562 polyparii
1007 2539 1018 2560 ,
1035 2526 1126 2561 qnae
1140 2539 1152 2561 ,
1166 2514 1230 2550 nifi
1251 2527 1386 2553 novum
1408 2527 1520 2562 genus
1545 2516 1734 2551 constituat
1746 2540 1757 2560 ‚
1771 2515 1840 2550 ral-
