2024 3022
215 232 261 263 52
561 233 747 268 CAROLI
781 234 1038 269 FRANCISCI
1074 234 1290 270 ANTONII
1327 232 1548 267 MORREN

260 344 400 377 Fosfilis
435 346 620 381 invenitur
648 348 685 381 in
717 349 832 381 stratis
868 349 1000 382 montis
1021 348 1071 384 St.
1095 348 1196 382 Petri
1227 358 1343 393 prope
1365 345 1611 380 Maastriclzt.

267 408 352 454 Obs.
405 411 546 445 Fosfilis
589 413 677 445 haec
722 412 851 457 species
900 412 1070 457 [iugulari
1108 413 1336 447 similitudine
1368 411 1502 444 accedit
1533 410 1577 442 ad
1607 408 1799 443 Escharcts
1832 410 1898 442 ada

213 475 282 508 huc
326 476 501 511 viventes.
563 476 669 510 Rami
712 488 786 510 non
824 478 1025 521 numerosi,
1069 478 1217 512 namin
1247 477 1433 522 plerisque
1463 475 1605 508 nonnifi
1639 475 1710 508 duo
1746 486 1791 508 ex
1822 485 1896 508 uno

214 542 395 574 communi
443 541 624 575 nascentes
667 543 1018 578 animadvertuntur.
1079 543 1236 576 Cellulae
1270 542 1422 575 maxime
1464 540 1686 576 conveniunt
1722 552 1804 573 cum
1830 540 1897 573 iis-

214 606 290 639 dem
324 607 466 650 organis
497 608 694 641 Escharae
722 608 1055 654 stigmatoplzorae.

261 747 318 770 11.
371 737 549 772 Eschara
561 738 703 783 striata
741 750 873 774 GoLDF.
908 752 946 784 p.
988 741 1047 772 25.
1078 738 1171 771 Tab.
1210 737 1315 772 VIII.
1345 736 1405 782 fig.
1430 736 1487 770 16.
1510 736 1578 771 ab.

255 802 300 834 E.
328 804 486 846 ramosa,
523 804 690 847 furcata,
729 807 952 850 compressa,
993 805 1216 839 subtilissime
1254 803 1397 846 striata,
1444 804 1554 836 ramis
1591 801 1774 847 angustis,
1818 802 1894 835 cel-

208 865 291 898 lulis
329 868 668 911 quincuncialibus,
710 869 845 903 ambitu
874 868 1089 914 superficiali
1125 868 1309 910 obsoleto,
1345 867 1475 900 ostiolis
1500 865 1820 911 punctiformibus.

256 932 402 966 Fosfilis
435 934 618 967 invenitur
646 936 682 967 in
715 933 829 967 stratis
865 935 998 968 montis
1033 934 1086 969 St.
1121 933 1221 967 Petri
1256 944 1372 977 prope
1408 931 1653 966 Maastriclzt.

263 997 347 1041 obs.
401 998 575 1032 Habitum
618 999 723 1033 habet
762 1001 814 1034 E.
846 1000 1077 1033 dichotomae
1106 1005 1142 1033 et
1178 999 1299 1032 eodem
1333 998 1438 1031 modo
1479 997 1625 1033 unicam
1657 1001 1798 1030 tantum
1833 996 1893 1029 of-

203 1064 275 1097 fert
300 1064 586 1098 bisurcationem.
639 1065 707 1098 Ast
732 1065 855 1099 differt
878 1066 928 1100 E.
953 1064 1094 1109 striata
1131 1076 1152 1097 a
1177 1065 1414 1109 praecedente
1441 1062 1530 1097 striis
1552 1063 1683 1097 obtusis
1708 1067 1743 1095 et
1762 1061 1891 1096 ostiolis

203 1129 248 1161 ad
278 1128 432 1163 fundum
461 1130 628 1165 striarum
661 1130 826 1175 pertufis.

247 1271 304 1294 12.
356 1261 533 1295 E-wlmrcz
562 1261 761 1306 filograna
795 1272 928 1294 eonor.
967 1274 1005 1306 p.
1043 1263 1103 1296 25.
1142 1260 1234 1294 Tab.
1275 1259 1377 1293 VIII.
1413 1259 1471 1304 fig.
1504 1269 1559 1304 17.

242 1326 288 1361 E.
314 1327 452 1360 ramosa
486 1327 714 1370 dichotoma‚
749 1327 973 1372 compressa,
1013 1326 1123 1360 ramis
1154 1325 1335 1371 angustis,
1360 1325 1499 1359 cellulis
1524 1325 1675 1359 distiche
1696 1326 1886 1371 divergen-

194 1390 292 1424 tibus
311 1415 324 1435 ,
358 1391 586 1435 orbiculatis,
633 1397 855 1436 punctorum
883 1393 1115 1425 minimorum
1148 1403 1282 1425 corona
1314 1391 1552 1425 rhomboidali
1578 1391 1729 1435 cinctis,
1756 1390 1884 1425 ostiolis

193 1457 513 1499 punctiformibus.

241 1522 386 1556 Fosfilis
417 1523 602 1557 invenitur
632 1522 670 1556 in
700 1521 815 1556 stratis
848 1521 1189 1556 arenoso-ealoareis
1225 1521 1356 1555 montis
1388 1521 1442 1555 St.
1476 1521 1580 1555 Petri
1608 1533 1724 1566 prope
1747 1522 1884 1555 Metas-

192 1588 322 1623 tricht.

242 1654 327 1698 Obs.
376 1654 478 1688 Haec
519 1653 673 1698 species,
716 1665 807 1698 quae
842 1659 937 1687 certe
981 1652 1232 1697 pulcherrimis
1270 1652 1498 1684 adnumerari
1532 1657 1718 1696 meretur,
1744 1651 1882 1685 orificia

196 1718 407 1752 cellularum
457 1719 607 1764 praebet
647 1718 862 1752 orbicularia
894 1724 929 1751 et
964 1719 1109 1763 pertusa
1140 1718 1177 1750 in
1214 1715 1400 1761 superficie
1428 1717 1677 1751 dilatationum
1714 1718 1879 1762 peculia-

189 1785 311 1828 rium,
362 1796 450 1829 quas
490 1785 714 1818 circumdant
755 1785 837 1830 pori
879 1784 982 1818 multi
1028 1784 1186 1817 minores
1229 1781 1355 1826 finguli
1394 1782 1587 1816 secundum
1629 1783 1760 1817 lineam
1802 1783 1877 1816 dis-

189 1850 303 1893 positi.

234 1981 290 2015 XI
315 1981 441 2015 Genus
479 1992 663 2023 FLUSTRA,
704 1991 792 2014 ΒΑΜ.

233 2047 470 2091 Polyparium
504 2046 903 2089 submembranaceum,
935 2044 1098 2078 foliosum
1117 2069 1128 2088 ,
1154 2044 1395 2090 lapidescem,
1427 2044 1569 2086 nexile,
1611 2044 1864 2088 frondescens,

185 2118 249 2147 aut
290 2114 326 2146 in
372 2112 522 2146 crustam
563 2118 708 2146 tenuem
759 2112 977 2156 expansum,
1020 2110 1234 2145 cellularum
1272 2109 1428 2143 seriebus
1469 2109 1664 2143 numerosis
1718 2115 1873 2156 utroque

182 2178 293 2212 latere
327 2178 501 2223 dispositis
536 2178 788 2223 compositum.

234 2244 390 2277 Cellulae
424 2243 576 2287 sesfiles,
615 2244 830 2288 contiguae,
870 2243 1128 2285 adhaerentes,
1163 2241 1311 2284 breves,
1346 2241 1575 2286 obliquatae3
1602 2253 1665 2285 ore
1692 2241 1872 2276 terminali

185 2308 439 2353 subringente‚
474 2310 511 2342 in
537 2309 721 2343 nonnullis
755 2310 900 2342 dentato
931 2307 988 2343 vel
1022 2307 1155 2340 ciliato.

233 2373 416 2407 LAMARCK
446 2386 506 2407 an.
542 2375 568 2408 s.
605 2380 697 2410 vert.
729 2374 837 2407 Tom.
875 2373 923 2406 ΙΙ.
953 2383 991 2416 p.
1028 2373 1107 2406 155.
1135 2372 1199 2405 alt.
1239 2372 1324 2406 edit.

236 2517 268 2541 ι.
320 2504 469 2551 Flust'ra
499 2511 668 2541 contexta
703 2517 835 2540 conor.
874 2517 912 2551 p.
940 2506 1001 2540 52.
1038 2504 1128 2540 Tab.
1159 2503 1208 2541 X.
1239 2502 1298 2550 fig.
1334 2514 1370 2538 2.
1405 2502 1469 2540 ab.
