2024 3022
450 190 731 228 RESPONSIO
769 204 819 229 AD
857 193 1225 237 QUAESTIONEM
1275 183 1629 237 zo6LOG10AM.
1829 206 1878 241 45

179 303 278 349 poris
325 305 530 349 perforatae
551 332 563 351 ,
611 320 735 342 omnes
787 309 999 343 terminatae
1049 311 1171 345 versus
1227 313 1426 358 marginem
1470 314 1649 350 elevatum
1695 316 1866 363 largiores

177 371 371 405 evadendo.

227 503 285 538 16.
339 504 545 549 Ceriopora
577 504 752 538 diadema
785 516 914 539 conns.
947 519 985 551 p.
1020 507 1081 551 59.
1111 507 1202 544 Tab.
1232 509 1301 543 XI.
1336 508 1393 555 fig.
1436 521 1492 545 12.
1532 512 1630 546 a—f.

225 569 268 604 C.
310 570 431 603 sessilis
478 571 533 604 vel
584 570 723 614 libera,
768 570 1053 615 suborbiculata,
1101 574 1288 619 superficie
1332 576 1519 620 superiore
1561 577 1661 612 costis
1707 578 1869 623 perosis,

176 635 394 678 prominulis
423 635 576 679 stellata,
612 637 683 670 bafi
712 637 879 671 minutim
912 638 1052 681 porosa.

224 700 368 734 Fosfilis
399 702 585 735 invenitur
619 703 656 734 in
693 702 807 736 stratis
838 704 969 736 montis
998 704 1051 738 St.
1084 704 1183 738 Petri
1212 717 1329 750 prope
1356 705 1609 742 Macestriclzt.

228 765 311 810 Obsl
362 766 618 799 Amoenisfima
650 773 684 800 et
707 769 862 812 parvula
886 769 972 801 haec
998 770 1133 812 species
1158 771 1332 804 diametro
1359 772 1534 817 adaequat
1554 775 1576 807 5
1602 779 1667 808 aut
1686 773 1708 807 4
1733 774 1873 821 lineas,

175 837 341 865 centrum
367 832 472 864 habet
499 832 706 877 depressum
735 839 797 867 aut
815 835 1053 879 perforatum.
1106 835 1213 869 Radii
1235 837 1335 870 costis
1357 838 1552 882 depressis,
1579 839 1617 872 in
1643 844 1780 883 puncta
1801 839 1866 872 de·-

174 897 391 940 fluentibus,
433 898 604 931 oriuntur
647 900 769 933 versus
813 900 1171 944 circumferentiam,
1211 902 1413 935 minoribus
1449 903 1566 937 adhuc
1606 903 1713 936 radiis
1748 904 1866 937 inter·-

172 964 284 996 iectis.
348 964 462 1008 Saepe
500 964 549 997 ita
596 970 759 998 mutatur
806 966 1033 1001 individuum
1077 972 1118 1000 ut
1159 978 1251 1010 pene
1286 978 1358 999 non
1404 968 1515 1012 possit
1555 968 1599 1001 ad
1644 968 1736 1001 hanc
1788 968 1872 1013 spe-

172 1029 261 1062 ciem
298 1029 442 1062 reserri:
484 1029 596 1062 costae
622 1031 759 1073 magnis
791 1032 890 1074 poris
921 1032 1127 1075 perforatae
1163 1032 1410 1076 irregulariter
1445 1033 1483 1065 in
1518 1033 1745 1067 altitudinem
1786 1045 1869 1068 cre-

170 1097 296 1130 scunt:
335 1096 437 1140 saepe
477 1096 585 1129 etiam
625 1103 790 1129 centrum
837 1098 1032 1141 marginale
1066 1098 1210 1141 evadit,
1246 1103 1282 1130 et
1310 1099 1410 1133 varia
1442 1104 1497 1133 est
1525 1099 1711 1133 radiorum
1743 1099 1865 1145 longi-

169 1163 270 1196 tudo.
322 1162 381 1195 Ex
411 1162 576 1195 omnibus
613 1163 710 1195 hisce
745 1163 982 1197 varietatibus
1020 1165 1234 1197 innumerae
1273 1165 1407 1208 species
1447 1164 1765 1201 constituerentur.

220 1293 296 1328 XV
320 1295 446 1329 Genus
477 1304 699 1336 LUNULITES,
734 1303 823 1327 LAM.

220 1361 456 1404 Polyparium
502 1361 709 1403 lapideum,
754 1359 930 1400 liberum,
976 1359 1218 1402 discoideum,
1262 1372 1282 1393 e
1322 1360 1502 1394 cellulufis
1551 1360 1669 1396 stratis
1716 1374 1870 1409 compo-

171 1426 289 1460 fitum.

222 1491 436 1537 Superficies
482 1502 641 1526 convexa
682 1488 895 1523 cellularum
943 1489 1076 1522 osculis
1131 1490 1306 1535 porisque
1361 1490 1645 1526 interstitialibus
1700 1493 1866 1528 radiatim

170 1558 312 1601 striata,
347 1558 460 1591 altera
493 1568 648 1591 concava
679 1556 779 1601 rugis
820 1560 855 1588 et
884 1554 989 1588 sulcis
1021 1555 1288 1600 divergentibus
1317 1557 1469 1592 radiata.

221 1703 253 1727 1.
305 1690 509 1724 Lunulites
533 1689 726 1735 spongia,
767 1689 898 1724 Nobis.

220 1758 266 1792 L.
313 1768 499 1800 convexa,
540 1756 665 1789 subtus
708 1768 865 1790 concava
885 1781 896 1800 ,
941 1756 1246 1799 suborbicularis,
1294 1756 1408 1789 latere
1451 1767 1612 1792 convexo
1653 1757 1866 1794 cellularum

168 1824 298 1859 ostiolis
339 1823 548 1857 orbiculatis
593 1823 652 1856 seu
693 1823 969 1856 semilunaribus
1014 1824 1169 1856 seriatim
1205 1822 1406 1867 dispositis,
1447 1833 1548 1857 nunc
1580 1823 1870 1870 irregularibus,

169 1890 318 1936 sparffl,
354 1888 513 1930 erebi-5⁵3
548 1889 658 1921 latere
692 1899 847 1922 concavo
883 1888 1037 1920 obsolete
1071 1893 1107 1921 et
1136 1887 1301 1920 radiatim
1331 1887 1465 1921 striato.

218 1956 302 1989 Vid.
331 1955 422 1989 Tab.
454 1954 541 1988 XII.
577 1953 636 1998 fig.
677 1965 710 1987 1.
746 1955 920 1998 specimen
948 1954 1045 1986 lente
1073 1957 1242 1996 auctum,
1275 1953 1387 1986 latere
1422 1964 1598 1988 convexo.

579 2019 635 2065 fig.
668 2030 703 2053 2.
744 2020 921 2064 specimen
952 2020 1050 2053 lente
1083 2023 1256 2062 auctum,
1290 2018 1404 2052 latere
1442 2030 1617 2056 concavo.

215 2087 273 2121 Ex
307 2087 432 2120 Museo
463 2097 556 2121 meo-

215 2154 405 2187 Invenitur
430 2153 467 2185 in
507 2151 687 2185 montibus
717 2151 885 2185 cretaceis
917 2150 1152 2184 Brabcmciae
1182 2154 1217 2183 et
1250 2149 1456 2183 Flandriae
1485 2149 1692 2186 orientalis.

219 2219 303 2265 Ohs.
357 2219 457 2252 Haec
489 2218 619 2262 species
653 2218 866 2251 diametrum
899 2217 1055 2250 duarum
1089 2220 1153 2250 aut
1194 2216 1304 2249 trium
1346 2215 1528 2250 linearum
1565 2215 1673 2250 habet
1706 2220 1742 2250 et
1781 2216 1859 2250 sae-

166 2297 212 2329 pe
241 2285 403 2329 elongata
436 2287 503 2317 est.
555 2284 643 2317 Pori
671 2283 852 2318 numerosi
882 2283 985 2317 modo
1020 2282 1147 2316 ordine
1175 2280 1334 2326 dispositi
1357 2282 1396 2315 in
1427 2281 1532 2315 series
1562 2281 1717 2315 radiatas
1742 2281 1857 2316 alter-

165 2355 319 2393 nantes,
353 2350 458 2382 modo
497 2349 605 2394 sparsi
637 2354 672 2383 et
705 2349 941 2392 catervatim,
978 2349 1070 2382 hanc
1110 2347 1333 2382 Lunulitem
1366 2347 1479 2383 veluti
1496 2348 1743 2394 spongiosam
1775 2348 1856 2382 effi-

167 2418 270 2451 ciunt
285 2440 295 2459 ‚
318 2416 413 2449 unde
436 2427 566 2449 nomen
595 2415 709 2451 duxit.
761 2414 975 2460 Superficies
1000 2414 1176 2460 inferior,
1198 2415 1332 2460 plana,
1351 2414 1542 2461 paululum
1562 2415 1720 2460 stellata,
1743 2416 1765 2450 5
1787 2419 1852 2449 aut

164 2483 186 2516 6
219 2483 328 2516 radiis
360 2481 490 2516 striata.
